{"success":true,"limit_reached":false,"status_code":200,"error_message":null,"csv":null,"symbol":"INDI","annualReports":[{"fiscalDateEnding":"2023-12-31","reportedCurrency":"USD","grossProfit":"-52553000","totalRevenue":"213669000","costOfRevenue":"266222000","costofGoodsAndServicesSold":"133606000","operatingIncome":"-135423000","sellingGeneralAndAdministrative":"70479000","researchAndDevelopment":"154507000","operatingExpenses":"287123000","investmentIncomeNet":"7801000","netInterestIncome":"-8650000","interestIncome":"7894000","interestExpense":"8650000","nonInterestIncome":"222319000","otherNonOperatingIncome":"-1175000","depreciation":"None","depreciationAndAmortization":"58329000","incomeBeforeTax":"-122159000","incomeTaxExpense":"-4534000","interestAndDebtExpense":"8650000","netIncomeFromContinuingOperations":"-128832000","comprehensiveIncomeNetOfTax":"-111506000","ebit":"-113509000","ebitda":"-55180000","netIncome":"-117625000"},{"fiscalDateEnding":"2022-12-31","reportedCurrency":"USD","grossProfit":"-27184000","totalRevenue":"109305000","costOfRevenue":"136489000","costofGoodsAndServicesSold":"60491000","operatingIncome":"-119128000","sellingGeneralAndAdministrative":"48237000","researchAndDevelopment":"121197000","operatingExpenses":"197219000","investmentIncomeNet":"2567000","netInterestIncome":"-1692000","interestIncome":"2567000","interestExpense":"1692000","nonInterestIncome":"110997000","otherNonOperatingIncome":"-107000","depreciation":"None","depreciationAndAmortization":"26456000","incomeBeforeTax":"-44435000","incomeTaxExpense":"-1035000","interestAndDebtExpense":"1692000","netIncomeFromContinuingOperations":"-52788000","comprehensiveIncomeNetOfTax":"-53282000","ebit":"-42743000","ebitda":"-16287000","netIncome":"-43400000"},{"fiscalDateEnding":"2021-12-31","reportedCurrency":"USD","grossProfit":"-67908000","totalRevenue":"8725000","costOfRevenue":"76633000","costofGoodsAndServicesSold":"28703000","operatingIncome":"-74792000","sellingGeneralAndAdministrative":"36384000","researchAndDevelopment":"58117000","operatingExpenses":"105889000","investmentIncomeNet":"49000","netInterestIncome":"-1239000","interestIncome":"49000","interestExpense":"1239000","nonInterestIncome":"9964000","otherNonOperatingIncome":"42000","depreciation":"None","depreciationAndAmortization":"10736000","incomeBeforeTax":"-88371000","incomeTaxExpense":"-327000","interestAndDebtExpense":"935000","netIncomeFromContinuingOperations":"-118607000","comprehensiveIncomeNetOfTax":"-89318000","ebit":"-87132000","ebitda":"-76396000","netIncome":"-88044000"}],"quarterlyReports":[{"fiscalDateEnding":"2024-09-30","reportedCurrency":"USD","grossProfit":"-13920000","totalRevenue":"53965000","costOfRevenue":"67885000","costofGoodsAndServicesSold":"32730000","operatingIncome":"-49903000","sellingGeneralAndAdministrative":"20848000","researchAndDevelopment":"45968000","operatingExpenses":"81123000","investmentIncomeNet":"994000","netInterestIncome":"None","interestIncome":"None","interestExpense":"2180000","nonInterestIncome":"53965000","otherNonOperatingIncome":"702000","depreciation":"None","depreciationAndAmortization":"9324000","incomeBeforeTax":"-49997000","incomeTaxExpense":"-315000","interestAndDebtExpense":"2180000","netIncomeFromContinuingOperations":"-54595000","comprehensiveIncomeNetOfTax":"-44478000","ebit":"-49903000","ebitda":"-38493000","netIncome":"-49682000"},{"fiscalDateEnding":"2024-06-30","reportedCurrency":"USD","grossProfit":"-4198000","totalRevenue":"52355000","costOfRevenue":"56553000","costofGoodsAndServicesSold":"30241000","operatingIncome":"-36634000","sellingGeneralAndAdministrative":"17447000","researchAndDevelopment":"41301000","operatingExpenses":"67613000","investmentIncomeNet":"1076000","netInterestIncome":"-1058000","interestIncome":"1076000","interestExpense":"2134000","nonInterestIncome":"52355000","otherNonOperatingIncome":"-553000","depreciation":"None","depreciationAndAmortization":"8226000","incomeBeforeTax":"-19074000","incomeTaxExpense":"86000","interestAndDebtExpense":"2134000","netIncomeFromContinuingOperations":"-21000000","comprehensiveIncomeNetOfTax":"-21813000","ebit":"-36634000","ebitda":"-8714000","netIncome":"-19160000"},{"fiscalDateEnding":"2024-03-31","reportedCurrency":"USD","grossProfit":"-20972000","totalRevenue":"49695000","costOfRevenue":"70667000","costofGoodsAndServicesSold":"30089000","operatingIncome":"-49647000","sellingGeneralAndAdministrative":"22322000","researchAndDevelopment":"49589000","operatingExpenses":"90167000","investmentIncomeNet":"1309000","netInterestIncome":"-2106000","interestIncome":"1309000","interestExpense":"2106000","nonInterestIncome":"51801000","otherNonOperatingIncome":"-247000","depreciation":"None","depreciationAndAmortization":"17617000","incomeBeforeTax":"-32288000","incomeTaxExpense":"-1109000","interestAndDebtExpense":"2106000","netIncomeFromContinuingOperations":"-34223000","comprehensiveIncomeNetOfTax":"-35906000","ebit":"-30182000","ebitda":"-12565000","netIncome":"-31179000"},{"fiscalDateEnding":"2023-12-31","reportedCurrency":"USD","grossProfit":"37000","totalRevenue":"67465000","costOfRevenue":"67428000","costofGoodsAndServicesSold":"42236000","operatingIncome":"-21571000","sellingGeneralAndAdministrative":"15187000","researchAndDevelopment":"34281000","operatingExpenses":"59473000","investmentIncomeNet":"1654000","netInterestIncome":"-2116000","interestIncome":"1654000","interestExpense":"2116000","nonInterestIncome":"69581000","otherNonOperatingIncome":"-912000","depreciation":"None","depreciationAndAmortization":"9153000","incomeBeforeTax":"-16475000","incomeTaxExpense":"-1820000","interestAndDebtExpense":"2116000","netIncomeFromContinuingOperations":"-14626000","comprehensiveIncomeNetOfTax":"516000","ebit":"-14359000","ebitda":"-5206000","netIncome":"-14655000"},{"fiscalDateEnding":"2023-09-30","reportedCurrency":"USD","grossProfit":"-7362000","totalRevenue":"58234000","costOfRevenue":"65596000","costofGoodsAndServicesSold":"35187000","operatingIncome":"-36146000","sellingGeneralAndAdministrative":"19841000","researchAndDevelopment":"41594000","operatingExpenses":"72003000","investmentIncomeNet":"1858000","netInterestIncome":"-2242000","interestIncome":"1858000","interestExpense":"2242000","nonInterestIncome":"60476000","otherNonOperatingIncome":"-692000","depreciation":"None","depreciationAndAmortization":"9044000","incomeBeforeTax":"-16447000","incomeTaxExpense":"650000","interestAndDebtExpense":"2242000","netIncomeFromContinuingOperations":"-18677000","comprehensiveIncomeNetOfTax":"-28058000","ebit":"-14205000","ebitda":"-5161000","netIncome":"-17097000"},{"fiscalDateEnding":"2023-06-30","reportedCurrency":"USD","grossProfit":"-10330000","totalRevenue":"49964000","costOfRevenue":"60294000","costofGoodsAndServicesSold":"32127000","operatingIncome":"-40725000","sellingGeneralAndAdministrative":"18637000","researchAndDevelopment":"42069000","operatingExpenses":"70236000","investmentIncomeNet":"1870000","netInterestIncome":"-2144000","interestIncome":"1870000","interestExpense":"2144000","nonInterestIncome":"52108000","otherNonOperatingIncome":"429000","depreciation":"None","depreciationAndAmortization":"8577000","incomeBeforeTax":"-12785000","incomeTaxExpense":"342000","interestAndDebtExpense":"2144000","netIncomeFromContinuingOperations":"-13563000","comprehensiveIncomeNetOfTax":"-10423000","ebit":"-10641000","ebitda":"-2064000","netIncome":"-13127000"},{"fiscalDateEnding":"2023-03-31","reportedCurrency":"USD","grossProfit":"-14161000","totalRevenue":"38304000","costOfRevenue":"52465000","costofGoodsAndServicesSold":"24056000","operatingIncome":"-36981000","sellingGeneralAndAdministrative":"16814000","researchAndDevelopment":"36563000","operatingExpenses":"64972000","investmentIncomeNet":"2419000","netInterestIncome":"-2148000","interestIncome":"2419000","interestExpense":"2148000","nonInterestIncome":"40452000","otherNonOperatingIncome":"0","depreciation":"None","depreciationAndAmortization":"11115000","incomeBeforeTax":"-76452000","incomeTaxExpense":"-3706000","interestAndDebtExpense":"2148000","netIncomeFromContinuingOperations":"-81966000","comprehensiveIncomeNetOfTax":"-74246000","ebit":"-74304000","ebitda":"-63189000","netIncome":"-72746000"},{"fiscalDateEnding":"2022-12-31","reportedCurrency":"USD","grossProfit":"-4030000","totalRevenue":"31815000","costOfRevenue":"35845000","costofGoodsAndServicesSold":"16151000","operatingIncome":"-28960000","sellingGeneralAndAdministrative":"12834000","researchAndDevelopment":"33002000","operatingExpenses":"52696000","investmentIncomeNet":"1747000","netInterestIncome":"-1201000","interestIncome":"1747000","interestExpense":"1201000","nonInterestIncome":"33016000","otherNonOperatingIncome":"-110000","depreciation":"None","depreciationAndAmortization":"6427000","incomeBeforeTax":"-12762000","incomeTaxExpense":"-370000","interestAndDebtExpense":"1201000","netIncomeFromContinuingOperations":"-15758000","comprehensiveIncomeNetOfTax":"-5218000","ebit":"-11561000","ebitda":"-5134000","netIncome":"-12392000"},{"fiscalDateEnding":"2022-09-30","reportedCurrency":"USD","grossProfit":"3785000","totalRevenue":"29850000","costOfRevenue":"26065000","costofGoodsAndServicesSold":"14970000","operatingIncome":"-25859000","sellingGeneralAndAdministrative":"10676000","researchAndDevelopment":"30229000","operatingExpenses":"41324000","investmentIncomeNet":"612000","netInterestIncome":"-166000","interestIncome":"612000","interestExpense":"166000","nonInterestIncome":"30016000","otherNonOperatingIncome":"24000","depreciation":"None","depreciationAndAmortization":"51000","incomeBeforeTax":"-36744000","incomeTaxExpense":"863000","interestAndDebtExpense":"166000","netIncomeFromContinuingOperations":"-45432000","comprehensiveIncomeNetOfTax":"-47514000","ebit":"-36578000","ebitda":"-36527000","netIncome":"-37607000"},{"fiscalDateEnding":"2022-06-30","reportedCurrency":"USD","grossProfit":"-6170000","totalRevenue":"25488000","costOfRevenue":"31658000","costofGoodsAndServicesSold":"15178000","operatingIncome":"-29975000","sellingGeneralAndAdministrative":"12085000","researchAndDevelopment":"28467000","operatingExpenses":"44947000","investmentIncomeNet":"175000","netInterestIncome":"-267000","interestIncome":"175000","interestExpense":"267000","nonInterestIncome":"25755000","otherNonOperatingIncome":"9000","depreciation":"None","depreciationAndAmortization":"4133000","incomeBeforeTax":"-5103000","incomeTaxExpense":"-869000","interestAndDebtExpense":"267000","netIncomeFromContinuingOperations":"-5304000","comprehensiveIncomeNetOfTax":"-12225000","ebit":"-4836000","ebitda":"-703000","netIncome":"-4234000"},{"fiscalDateEnding":"2022-03-31","reportedCurrency":"USD","grossProfit":"-15148000","totalRevenue":"22038000","costOfRevenue":"37186000","costofGoodsAndServicesSold":"14192000","operatingIncome":"-34334000","sellingGeneralAndAdministrative":"12642000","researchAndDevelopment":"29499000","operatingExpenses":"52517000","investmentIncomeNet":"33000","netInterestIncome":"-58000","interestIncome":"33000","interestExpense":"58000","nonInterestIncome":"22096000","otherNonOperatingIncome":"-30000","depreciation":"None","depreciationAndAmortization":"10110000","incomeBeforeTax":"10174000","incomeTaxExpense":"-659000","interestAndDebtExpense":"58000","netIncomeFromContinuingOperations":"13706000","comprehensiveIncomeNetOfTax":"11696000","ebit":"10232000","ebitda":"20342000","netIncome":"10833000"},{"fiscalDateEnding":"2021-12-31","reportedCurrency":"USD","grossProfit":"-24080000","totalRevenue":"7822000","costOfRevenue":"31902000","costofGoodsAndServicesSold":"11606000","operatingIncome":"-26925000","sellingGeneralAndAdministrative":"13369000","researchAndDevelopment":"20911000","operatingExpenses":"40924000","investmentIncomeNet":"13000","netInterestIncome":"-64000","interestIncome":"13000","interestExpense":"64000","nonInterestIncome":"7886000","otherNonOperatingIncome":"956000","depreciation":"None","depreciationAndAmortization":"6117000","incomeBeforeTax":"-36114000","incomeTaxExpense":"-361000","interestAndDebtExpense":"64000","netIncomeFromContinuingOperations":"-33795000","comprehensiveIncomeNetOfTax":"-35927000","ebit":"-26925000","ebitda":"-29933000","netIncome":"-35753000"},{"fiscalDateEnding":"2021-09-30","reportedCurrency":"USD","grossProfit":"-53215000","totalRevenue":"12132000","costOfRevenue":"19831000","costofGoodsAndServicesSold":"6930000","operatingIncome":"-21258000","sellingGeneralAndAdministrative":"11442000","researchAndDevelopment":"15043000","operatingExpenses":"27944000","investmentIncomeNet":"16000","netInterestIncome":"-25000","interestIncome":"16000","interestExpense":"25000","nonInterestIncome":"-33359000","otherNonOperatingIncome":"-1013000","depreciation":"None","depreciationAndAmortization":"1459000","incomeBeforeTax":"-79685000","incomeTaxExpense":"-36000","interestAndDebtExpense":"25000","netIncomeFromContinuingOperations":"-108161000","comprehensiveIncomeNetOfTax":"-79475000","ebit":"-79660000","ebitda":"-78201000","netIncome":"-79649000"},{"fiscalDateEnding":"2021-06-30","reportedCurrency":"USD","grossProfit":"12243000","totalRevenue":"26793000","costOfRevenue":"14550000","costofGoodsAndServicesSold":"5319000","operatingIncome":"-18503000","sellingGeneralAndAdministrative":"8878000","researchAndDevelopment":"13486000","operatingExpenses":"22717000","investmentIncomeNet":"13000","netInterestIncome":"-530000","interestIncome":"13000","interestExpense":"530000","nonInterestIncome":"27323000","otherNonOperatingIncome":"106000","depreciation":"None","depreciationAndAmortization":"353000","incomeBeforeTax":"6206000","incomeTaxExpense":"57000","interestAndDebtExpense":"226000","netIncomeFromContinuingOperations":"12988000","comprehensiveIncomeNetOfTax":"6329000","ebit":"6736000","ebitda":"7089000","netIncome":"6149000"},{"fiscalDateEnding":"2021-03-31","reportedCurrency":"USD","grossProfit":"3266000","totalRevenue":"8114000","costOfRevenue":"4848000","costofGoodsAndServicesSold":"4848000","operatingIncome":"-8106000","sellingGeneralAndAdministrative":"2695000","researchAndDevelopment":"8677000","operatingExpenses":"11372000","investmentIncomeNet":"None","netInterestIncome":"-613000","interestIncome":"8620","interestExpense":"620000","nonInterestIncome":"None","otherNonOperatingIncome":"-7000","depreciation":"None","depreciationAndAmortization":"643000","incomeBeforeTax":"10828000","incomeTaxExpense":"13000","interestAndDebtExpense":"None","netIncomeFromContinuingOperations":"10361000","comprehensiveIncomeNetOfTax":"10691000","ebit":"11448000","ebitda":"-7463000","netIncome":"10815000"},{"fiscalDateEnding":"2020-12-31","reportedCurrency":"USD","grossProfit":"2353000","totalRevenue":"6653000","costOfRevenue":"4300000","costofGoodsAndServicesSold":"4300000","operatingIncome":"-6919000","sellingGeneralAndAdministrative":"2716000","researchAndDevelopment":"6556000","operatingExpenses":"9272000","investmentIncomeNet":"None","netInterestIncome":"None","interestIncome":"8810","interestExpense":"573000","nonInterestIncome":"None","otherNonOperatingIncome":"89000","depreciation":"None","depreciationAndAmortization":"668000","incomeBeforeTax":"-63540000","incomeTaxExpense":"20000","interestAndDebtExpense":"None","netIncomeFromContinuingOperations":"None","comprehensiveIncomeNetOfTax":"-63586000","ebit":"-62967000","ebitda":"-6155000","netIncome":"-63560000"},{"fiscalDateEnding":"2020-09-30","reportedCurrency":"USD","grossProfit":"3922000","totalRevenue":"7586000","costOfRevenue":"3664000","costofGoodsAndServicesSold":"3664000","operatingIncome":"-3166000","sellingGeneralAndAdministrative":"1265000","researchAndDevelopment":"5823000","operatingExpenses":"7088000","investmentIncomeNet":"None","netInterestIncome":"-511000","interestIncome":"8810","interestExpense":"517000","nonInterestIncome":"None","otherNonOperatingIncome":"28000","depreciation":"None","depreciationAndAmortization":"710000","incomeBeforeTax":"-21972000","incomeTaxExpense":"-13000","interestAndDebtExpense":"None","netIncomeFromContinuingOperations":"-22156000","comprehensiveIncomeNetOfTax":"-21840000","ebit":"-21455000","ebitda":"-2422000","netIncome":"-21959000"},{"fiscalDateEnding":"2020-06-30","reportedCurrency":"USD","grossProfit":"1510000","totalRevenue":"3708000","costOfRevenue":"2198000","costofGoodsAndServicesSold":"2198000","operatingIncome":"-4618000","sellingGeneralAndAdministrative":"1329000","researchAndDevelopment":"4799000","operatingExpenses":"6128000","investmentIncomeNet":"None","netInterestIncome":"-545000","interestIncome":"87110","interestExpense":"551000","nonInterestIncome":"None","otherNonOperatingIncome":"56000","depreciation":"None","depreciationAndAmortization":"62000","incomeBeforeTax":"-6839000","incomeTaxExpense":"19000","interestAndDebtExpense":"None","netIncomeFromContinuingOperations":"-6992000","comprehensiveIncomeNetOfTax":"-6861000","ebit":"-6288000","ebitda":"-4556000","netIncome":"-6858000"}]}