{"success":true,"limit_reached":false,"status_code":200,"error_message":null,"csv":null,"symbol":"IMVT","annualReports":[{"fiscalDateEnding":"2024-03-31","reportedCurrency":"USD","grossProfit":"-32333000","totalRevenue":"24948000","costOfRevenue":"57281000","costofGoodsAndServicesSold":"231000","operatingIncome":"-315042000","sellingGeneralAndAdministrative":"57281000","researchAndDevelopment":"225428000","operatingExpenses":"282709000","investmentIncomeNet":"None","netInterestIncome":"24948000","interestIncome":"24948000","interestExpense":"49896000","nonInterestIncome":"None","otherNonOperatingIncome":"-1008000","depreciation":"231000","depreciationAndAmortization":"231000","incomeBeforeTax":"-258769000","incomeTaxExpense":"567000","interestAndDebtExpense":"None","netIncomeFromContinuingOperations":"-259336000","comprehensiveIncomeNetOfTax":"-258280000","ebit":"-315042000","ebitda":"-269978000","netIncome":"-259336000"},{"fiscalDateEnding":"2023-03-31","reportedCurrency":"USD","grossProfit":"-40441000","totalRevenue":"7578000","costOfRevenue":"48019000","costofGoodsAndServicesSold":"1324000","operatingIncome":"-258717000","sellingGeneralAndAdministrative":"48019000","researchAndDevelopment":"170257000","operatingExpenses":"218276000","investmentIncomeNet":"None","netInterestIncome":"7578000","interestIncome":"7578000","interestExpense":"12482000","nonInterestIncome":"None","otherNonOperatingIncome":"-253000","depreciation":"193000","depreciationAndAmortization":"1324000","incomeBeforeTax":"-210951000","incomeTaxExpense":"9000","interestAndDebtExpense":"None","netIncomeFromContinuingOperations":"-210960000","comprehensiveIncomeNetOfTax":"-210512000","ebit":"-258717000","ebitda":"-209627000","netIncome":"-210960000"},{"fiscalDateEnding":"2022-03-31","reportedCurrency":"USD","grossProfit":"-54225000","totalRevenue":"None","costOfRevenue":"54225000","costofGoodsAndServicesSold":"1232000","operatingIncome":"-210258000","sellingGeneralAndAdministrative":"54225000","researchAndDevelopment":"101808000","operatingExpenses":"156033000","investmentIncomeNet":"None","netInterestIncome":"0","interestIncome":"None","interestExpense":"655000","nonInterestIncome":"None","otherNonOperatingIncome":"-781000","depreciation":"126000","depreciationAndAmortization":"1232000","incomeBeforeTax":"-156814000","incomeTaxExpense":"-84000","interestAndDebtExpense":"None","netIncomeFromContinuingOperations":"-156730000","comprehensiveIncomeNetOfTax":"-156028000","ebit":"-210258000","ebitda":"-155582000","netIncome":"-156730000"},{"fiscalDateEnding":"2021-03-31","reportedCurrency":"USD","grossProfit":"-39231000","totalRevenue":"282000","costOfRevenue":"39513000","costofGoodsAndServicesSold":"998000","operatingIncome":"-147348000","sellingGeneralAndAdministrative":"39513000","researchAndDevelopment":"68604000","operatingExpenses":"108117000","investmentIncomeNet":"None","netInterestIncome":"0","interestIncome":"None","interestExpense":"0","nonInterestIncome":"282000","otherNonOperatingIncome":"328000","depreciation":"65000","depreciationAndAmortization":"998000","incomeBeforeTax":"-107789000","incomeTaxExpense":"-358000","interestAndDebtExpense":"0","netIncomeFromContinuingOperations":"-107389000","comprehensiveIncomeNetOfTax":"-107713000","ebit":"-107789000","ebitda":"-106791000","netIncome":"-107431000"}],"quarterlyReports":[{"fiscalDateEnding":"2024-09-30","reportedCurrency":"USD","grossProfit":"-18471000","totalRevenue":"None","costOfRevenue":"18471000","costofGoodsAndServicesSold":"None","operatingIncome":"-134214000","sellingGeneralAndAdministrative":"18471000","researchAndDevelopment":"97272000","operatingExpenses":"115743000","investmentIncomeNet":"None","netInterestIncome":"6073000","interestIncome":"6073000","interestExpense":"None","nonInterestIncome":"None","otherNonOperatingIncome":"629000","depreciation":"89000","depreciationAndAmortization":"89000","incomeBeforeTax":"-109041000","incomeTaxExpense":"78000","interestAndDebtExpense":"None","netIncomeFromContinuingOperations":"-109119000","comprehensiveIncomeNetOfTax":"-109029000","ebit":"-134214000","ebitda":"-115654000","netIncome":"-109119000"},{"fiscalDateEnding":"2024-06-30","reportedCurrency":"USD","grossProfit":"-18808000","totalRevenue":"None","costOfRevenue":"18808000","costofGoodsAndServicesSold":"80000","operatingIncome":"-113089000","sellingGeneralAndAdministrative":"18808000","researchAndDevelopment":"75473000","operatingExpenses":"94281000","investmentIncomeNet":"None","netInterestIncome":"7180000","interestIncome":"7180000","interestExpense":"None","nonInterestIncome":"None","otherNonOperatingIncome":"28000","depreciation":"80000","depreciationAndAmortization":"80000","incomeBeforeTax":"-87073000","incomeTaxExpense":"77000","interestAndDebtExpense":"None","netIncomeFromContinuingOperations":"-87150000","comprehensiveIncomeNetOfTax":"-87238000","ebit":"-113089000","ebitda":"-94201000","netIncome":"-87150000"},{"fiscalDateEnding":"2024-03-31","reportedCurrency":"USD","grossProfit":"-6444000","totalRevenue":"8379000","costOfRevenue":"14823000","costofGoodsAndServicesSold":"64000","operatingIncome":"-87323000","sellingGeneralAndAdministrative":"14823000","researchAndDevelopment":"66056000","operatingExpenses":"80879000","investmentIncomeNet":"None","netInterestIncome":"8379000","interestIncome":"8379000","interestExpense":"None","nonInterestIncome":"None","otherNonOperatingIncome":"-2587000","depreciation":"64000","depreciationAndAmortization":"64000","incomeBeforeTax":"-75087000","incomeTaxExpense":"232000","interestAndDebtExpense":"None","netIncomeFromContinuingOperations":"-75319000","comprehensiveIncomeNetOfTax":"-72811000","ebit":"-87323000","ebitda":"-80815000","netIncome":"-75319000"},{"fiscalDateEnding":"2023-12-31","reportedCurrency":"USD","grossProfit":"-4282000","totalRevenue":"8933000","costOfRevenue":"13215000","costofGoodsAndServicesSold":"58000","operatingIncome":"-65835000","sellingGeneralAndAdministrative":"13215000","researchAndDevelopment":"48338000","operatingExpenses":"61553000","investmentIncomeNet":"None","netInterestIncome":"8933000","interestIncome":"8933000","interestExpense":"None","nonInterestIncome":"None","otherNonOperatingIncome":"1094000","depreciation":"58000","depreciationAndAmortization":"58000","incomeBeforeTax":"-51526000","incomeTaxExpense":"-108000","interestAndDebtExpense":"None","netIncomeFromContinuingOperations":"-51418000","comprehensiveIncomeNetOfTax":"-52531000","ebit":"-65835000","ebitda":"-61495000","netIncome":"-51418000"},{"fiscalDateEnding":"2023-09-30","reportedCurrency":"USD","grossProfit":"-10269000","totalRevenue":"3572000","costOfRevenue":"13841000","costofGoodsAndServicesSold":"349000","operatingIncome":"-72069000","sellingGeneralAndAdministrative":"13841000","researchAndDevelopment":"47959000","operatingExpenses":"61800000","investmentIncomeNet":"None","netInterestIncome":"3572000","interestIncome":"3572000","interestExpense":"None","nonInterestIncome":"None","otherNonOperatingIncome":"20000","depreciation":"56000","depreciationAndAmortization":"56000","incomeBeforeTax":"-58208000","incomeTaxExpense":"454000","interestAndDebtExpense":"None","netIncomeFromContinuingOperations":"-58662000","comprehensiveIncomeNetOfTax":"-58593000","ebit":"-72069000","ebitda":"-61800000","netIncome":"-58662000"},{"fiscalDateEnding":"2023-06-30","reportedCurrency":"USD","grossProfit":"-11337000","totalRevenue":"4065000","costOfRevenue":"15402000","costofGoodsAndServicesSold":"343000","operatingIncome":"-89814000","sellingGeneralAndAdministrative":"15402000","researchAndDevelopment":"63075000","operatingExpenses":"78477000","investmentIncomeNet":"None","netInterestIncome":"4065000","interestIncome":"4065000","interestExpense":"4065000","nonInterestIncome":"None","otherNonOperatingIncome":"464000","depreciation":"53000","depreciationAndAmortization":"53000","incomeBeforeTax":"-73948000","incomeTaxExpense":"-11000","interestAndDebtExpense":"None","netIncomeFromContinuingOperations":"-73937000","comprehensiveIncomeNetOfTax":"-73667000","ebit":"-89814000","ebitda":"-53424000","netIncome":"-73937000"},{"fiscalDateEnding":"2023-03-31","reportedCurrency":"USD","grossProfit":"-8942000","totalRevenue":"3480000","costOfRevenue":"12422000","costofGoodsAndServicesSold":"341000","operatingIncome":"-73201000","sellingGeneralAndAdministrative":"12422000","researchAndDevelopment":"51837000","operatingExpenses":"64259000","investmentIncomeNet":"None","netInterestIncome":"3480000","interestIncome":"3480000","interestExpense":"3744000","nonInterestIncome":"None","otherNonOperatingIncome":"356000","depreciation":"54000","depreciationAndAmortization":"54000","incomeBeforeTax":"-60423000","incomeTaxExpense":"-991000","interestAndDebtExpense":"None","netIncomeFromContinuingOperations":"-59432000","comprehensiveIncomeNetOfTax":"-59963000","ebit":"-73201000","ebitda":"-64259000","netIncome":"-59432000"},{"fiscalDateEnding":"2022-12-31","reportedCurrency":"USD","grossProfit":"-8831000","totalRevenue":"2944000","costOfRevenue":"11775000","costofGoodsAndServicesSold":"333000","operatingIncome":"-72858000","sellingGeneralAndAdministrative":"11775000","researchAndDevelopment":"52252000","operatingExpenses":"64027000","investmentIncomeNet":"None","netInterestIncome":"2944000","interestIncome":"2944000","interestExpense":"2944000","nonInterestIncome":"None","otherNonOperatingIncome":"-1757000","depreciation":"49000","depreciationAndAmortization":"49000","incomeBeforeTax":"-62840000","incomeTaxExpense":"387000","interestAndDebtExpense":"None","netIncomeFromContinuingOperations":"-63227000","comprehensiveIncomeNetOfTax":"-60607000","ebit":"-72858000","ebitda":"-43978000","netIncome":"-63227000"},{"fiscalDateEnding":"2022-09-30","reportedCurrency":"USD","grossProfit":"-10721000","totalRevenue":"1154000","costOfRevenue":"11875000","costofGoodsAndServicesSold":"327000","operatingIncome":"-60335000","sellingGeneralAndAdministrative":"11875000","researchAndDevelopment":"37739000","operatingExpenses":"49614000","investmentIncomeNet":"None","netInterestIncome":"1154000","interestIncome":"1154000","interestExpense":"1154000","nonInterestIncome":"None","otherNonOperatingIncome":"793000","depreciation":"46000","depreciationAndAmortization":"46000","incomeBeforeTax":"-47667000","incomeTaxExpense":"261000","interestAndDebtExpense":"None","netIncomeFromContinuingOperations":"-47928000","comprehensiveIncomeNetOfTax":"-48902000","ebit":"-60335000","ebitda":"-49568000","netIncome":"-47928000"},{"fiscalDateEnding":"2022-06-30","reportedCurrency":"USD","grossProfit":"-11946000","totalRevenue":"0","costOfRevenue":"11946000","costofGoodsAndServicesSold":"323000","operatingIncome":"-52321000","sellingGeneralAndAdministrative":"11946000","researchAndDevelopment":"28429000","operatingExpenses":"40375000","investmentIncomeNet":"None","netInterestIncome":"0","interestIncome":"None","interestExpense":"354000","nonInterestIncome":"None","otherNonOperatingIncome":"354000","depreciation":"44000","depreciationAndAmortization":"44000","incomeBeforeTax":"-40021000","incomeTaxExpense":"352000","interestAndDebtExpense":"None","netIncomeFromContinuingOperations":"-40373000","comprehensiveIncomeNetOfTax":"-41040000","ebit":"-52321000","ebitda":"-40331000","netIncome":"-40373000"},{"fiscalDateEnding":"2022-03-31","reportedCurrency":"USD","grossProfit":"-15241000","totalRevenue":"None","costOfRevenue":"15241000","costofGoodsAndServicesSold":"None","operatingIncome":"-62468000","sellingGeneralAndAdministrative":"15241000","researchAndDevelopment":"31986000","operatingExpenses":"47227000","investmentIncomeNet":"None","netInterestIncome":"0","interestIncome":"None","interestExpense":"83000","nonInterestIncome":"None","otherNonOperatingIncome":"44000","depreciation":"39000","depreciationAndAmortization":"39000","incomeBeforeTax":"-47183000","incomeTaxExpense":"-12000","interestAndDebtExpense":"None","netIncomeFromContinuingOperations":"-47171000","comprehensiveIncomeNetOfTax":"-47186000","ebit":"-62468000","ebitda":"-47227000","netIncome":"-47171000"},{"fiscalDateEnding":"2021-12-31","reportedCurrency":"USD","grossProfit":"-11515000","totalRevenue":"None","costOfRevenue":"11515000","costofGoodsAndServicesSold":"None","operatingIncome":"-52786000","sellingGeneralAndAdministrative":"11515000","researchAndDevelopment":"29756000","operatingExpenses":"41271000","investmentIncomeNet":"None","netInterestIncome":"0","interestIncome":"None","interestExpense":"None","nonInterestIncome":"None","otherNonOperatingIncome":"-114000","depreciation":"33000","depreciationAndAmortization":"33000","incomeBeforeTax":"-41385000","incomeTaxExpense":"0","interestAndDebtExpense":"None","netIncomeFromContinuingOperations":"-41385000","comprehensiveIncomeNetOfTax":"-41408000","ebit":"-52786000","ebitda":"-41238000","netIncome":"-41385000"},{"fiscalDateEnding":"2021-09-30","reportedCurrency":"USD","grossProfit":"-16289000","totalRevenue":"None","costOfRevenue":"16289000","costofGoodsAndServicesSold":"None","operatingIncome":"-53939000","sellingGeneralAndAdministrative":"16289000","researchAndDevelopment":"21361000","operatingExpenses":"37650000","investmentIncomeNet":"None","netInterestIncome":"0","interestIncome":"None","interestExpense":"None","nonInterestIncome":"None","otherNonOperatingIncome":"-84000","depreciation":"28000","depreciationAndAmortization":"28000","incomeBeforeTax":"-37734000","incomeTaxExpense":"-31000","interestAndDebtExpense":"None","netIncomeFromContinuingOperations":"-37703000","comprehensiveIncomeNetOfTax":"-37534000","ebit":"-53939000","ebitda":"-37706000","netIncome":"-37703000"},{"fiscalDateEnding":"2021-06-30","reportedCurrency":"USD","grossProfit":"-11752000","totalRevenue":"None","costOfRevenue":"11181000","costofGoodsAndServicesSold":"None","operatingIncome":"-41638000","sellingGeneralAndAdministrative":"11181000","researchAndDevelopment":"18705000","operatingExpenses":"29886000","investmentIncomeNet":"None","netInterestIncome":"0","interestIncome":"None","interestExpense":"None","nonInterestIncome":"-571000","otherNonOperatingIncome":"-626000","depreciation":"26000","depreciationAndAmortization":"26000","incomeBeforeTax":"-30512000","incomeTaxExpense":"-41000","interestAndDebtExpense":"None","netIncomeFromContinuingOperations":"-30471000","comprehensiveIncomeNetOfTax":"-29900000","ebit":"-41638000","ebitda":"-30486000","netIncome":"-30471000"},{"fiscalDateEnding":"2021-03-31","reportedCurrency":"USD","grossProfit":"-6737000","totalRevenue":"765000","costOfRevenue":"7502000","costofGoodsAndServicesSold":"None","operatingIncome":"-35654000","sellingGeneralAndAdministrative":"10302000","researchAndDevelopment":"18615000","operatingExpenses":"28917000","investmentIncomeNet":"None","netInterestIncome":"0","interestIncome":"None","interestExpense":"0","nonInterestIncome":"765000","otherNonOperatingIncome":"680000","depreciation":"22000","depreciationAndAmortization":"22000","incomeBeforeTax":"-28237000","incomeTaxExpense":"-79000","interestAndDebtExpense":"0","netIncomeFromContinuingOperations":"-28116000","comprehensiveIncomeNetOfTax":"-28923000","ebit":"-28237000","ebitda":"-28215000","netIncome":"-28158000"},{"fiscalDateEnding":"2020-12-31","reportedCurrency":"USD","grossProfit":"-10549000","totalRevenue":"None","costOfRevenue":"10549000","costofGoodsAndServicesSold":"None","operatingIncome":"-42189000","sellingGeneralAndAdministrative":"10549000","researchAndDevelopment":"21091000","operatingExpenses":"31640000","investmentIncomeNet":"None","netInterestIncome":"0","interestIncome":"None","interestExpense":"0","nonInterestIncome":"-689000","otherNonOperatingIncome":"-503000","depreciation":"19000","depreciationAndAmortization":"19000","incomeBeforeTax":"-32143000","incomeTaxExpense":"-367000","interestAndDebtExpense":"0","netIncomeFromContinuingOperations":"-31776000","comprehensiveIncomeNetOfTax":"-31087000","ebit":"-32143000","ebitda":"-32124000","netIncome":"-31776000"},{"fiscalDateEnding":"2020-09-30","reportedCurrency":"USD","grossProfit":"-8998000","totalRevenue":"None","costOfRevenue":"8998000","costofGoodsAndServicesSold":"None","operatingIncome":"-29972000","sellingGeneralAndAdministrative":"8998000","researchAndDevelopment":"11976000","operatingExpenses":"20974000","investmentIncomeNet":"None","netInterestIncome":"0","interestIncome":"None","interestExpense":"0","nonInterestIncome":"232000","otherNonOperatingIncome":"225000","depreciation":"14000","depreciationAndAmortization":"14000","incomeBeforeTax":"-20749000","incomeTaxExpense":"40000","interestAndDebtExpense":"0","netIncomeFromContinuingOperations":"-20789000","comprehensiveIncomeNetOfTax":"-21021000","ebit":"-20749000","ebitda":"-20735000","netIncome":"-20789000"},{"fiscalDateEnding":"2020-06-30","reportedCurrency":"USD","grossProfit":"-12490000","totalRevenue":"None","costOfRevenue":"12464000","costofGoodsAndServicesSold":"None","operatingIncome":"-39076000","sellingGeneralAndAdministrative":"9664000","researchAndDevelopment":"16922000","operatingExpenses":"26586000","investmentIncomeNet":"None","netInterestIncome":"None","interestIncome":"None","interestExpense":"None","nonInterestIncome":"-26000","otherNonOperatingIncome":"-74000","depreciation":"10000","depreciationAndAmortization":"10000","incomeBeforeTax":"-26660000","incomeTaxExpense":"48000","interestAndDebtExpense":"None","netIncomeFromContinuingOperations":"-26708000","comprehensiveIncomeNetOfTax":"-26682000","ebit":"-39076000","ebitda":"-26650000","netIncome":"-26708000"},{"fiscalDateEnding":"2020-03-31","reportedCurrency":"USD","grossProfit":"-6446000","totalRevenue":"None","costOfRevenue":"6315000","costofGoodsAndServicesSold":"None","operatingIncome":"-26929000","sellingGeneralAndAdministrative":"6315000","researchAndDevelopment":"14168000","operatingExpenses":"20483000","investmentIncomeNet":"None","netInterestIncome":"None","interestIncome":"None","interestExpense":"None","nonInterestIncome":"-131000","otherNonOperatingIncome":"-127000","depreciation":"6000","depreciationAndAmortization":"6000","incomeBeforeTax":"-20610000","incomeTaxExpense":"-59000","interestAndDebtExpense":"None","netIncomeFromContinuingOperations":"-20551000","comprehensiveIncomeNetOfTax":"-20420000","ebit":"-26929000","ebitda":"-20604000","netIncome":"-20551000"},{"fiscalDateEnding":"2019-12-31","reportedCurrency":"USD","grossProfit":"-6464000","totalRevenue":"None","costOfRevenue":"6088000","costofGoodsAndServicesSold":"None","operatingIncome":"-17505000","sellingGeneralAndAdministrative":"6088000","researchAndDevelopment":"4953000","operatingExpenses":"11041000","investmentIncomeNet":"None","netInterestIncome":"-376000","interestIncome":"376000","interestExpense":"376000","nonInterestIncome":"-80000","otherNonOperatingIncome":"221000","depreciation":"5000","depreciationAndAmortization":"221000","incomeBeforeTax":"-11196000","incomeTaxExpense":"100000","interestAndDebtExpense":"376000","netIncomeFromContinuingOperations":"-11296000","comprehensiveIncomeNetOfTax":"-11445000","ebit":"-10820000","ebitda":"-10820000","netIncome":"-11296000"},{"fiscalDateEnding":"2019-09-30","reportedCurrency":"USD","grossProfit":"-4412000","totalRevenue":"None","costOfRevenue":"4163000","costofGoodsAndServicesSold":"395157","operatingIncome":"-419757","sellingGeneralAndAdministrative":"4163000","researchAndDevelopment":"10331000","operatingExpenses":"14494000","investmentIncomeNet":"683140","netInterestIncome":"-249000","interestIncome":"683140","interestExpense":"249000","nonInterestIncome":"-1345000","otherNonOperatingIncome":"294000","depreciation":"5000","depreciationAndAmortization":"683140","incomeBeforeTax":"-14449000","incomeTaxExpense":"33000","interestAndDebtExpense":"249000","netIncomeFromContinuingOperations":"125090","comprehensiveIncomeNetOfTax":"-14535000","ebit":"-14200000","ebitda":"263383","netIncome":"-14482000"},{"fiscalDateEnding":"2019-06-30","reportedCurrency":"USD","grossProfit":"-1308000","totalRevenue":"277000","costOfRevenue":"1585000","costofGoodsAndServicesSold":"67742","operatingIncome":"-92342","sellingGeneralAndAdministrative":"1585000","researchAndDevelopment":"18476000","operatingExpenses":"20061000","investmentIncomeNet":"341558","netInterestIncome":"341558","interestIncome":"341558","interestExpense":"249315","nonInterestIncome":"277000","otherNonOperatingIncome":"25000","depreciation":"5000","depreciationAndAmortization":"341558","incomeBeforeTax":"-20036000","incomeTaxExpense":"23000","interestAndDebtExpense":"1398000","netIncomeFromContinuingOperations":"182749","comprehensiveIncomeNetOfTax":"-20350000","ebit":"-92342","ebitda":"249216","netIncome":"-20059000"},{"fiscalDateEnding":"2019-03-31","reportedCurrency":"USD","grossProfit":"None","totalRevenue":"None","costOfRevenue":"None","costofGoodsAndServicesSold":"None","operatingIncome":"-450","sellingGeneralAndAdministrative":"6315000","researchAndDevelopment":"None","operatingExpenses":"-19993258","investmentIncomeNet":"None","netInterestIncome":"None","interestIncome":"None","interestExpense":"None","nonInterestIncome":"None","otherNonOperatingIncome":"None","depreciation":"None","depreciationAndAmortization":"None","incomeBeforeTax":"-450","incomeTaxExpense":"None","interestAndDebtExpense":"None","netIncomeFromContinuingOperations":"-450","comprehensiveIncomeNetOfTax":"-450","ebit":"-450","ebitda":"-450","netIncome":"-450"},{"fiscalDateEnding":"2018-12-31","reportedCurrency":"USD","grossProfit":"None","totalRevenue":"None","costOfRevenue":"None","costofGoodsAndServicesSold":"None","operatingIncome":"-8884378","sellingGeneralAndAdministrative":"1201033","researchAndDevelopment":"7683345","operatingExpenses":"8884000","investmentIncomeNet":"None","netInterestIncome":"None","interestIncome":"None","interestExpense":"249315","nonInterestIncome":"None","otherNonOperatingIncome":"None","depreciation":"None","depreciationAndAmortization":"None","incomeBeforeTax":"-8841432","incomeTaxExpense":"7631","interestAndDebtExpense":"None","netIncomeFromContinuingOperations":"-8849063","comprehensiveIncomeNetOfTax":"-8911000","ebit":"-8884378","ebitda":"None","netIncome":"-8849000"},{"fiscalDateEnding":"2018-09-30","reportedCurrency":"USD","grossProfit":"None","totalRevenue":"None","costOfRevenue":"None","costofGoodsAndServicesSold":"None","operatingIncome":"-6239912","sellingGeneralAndAdministrative":"495031","researchAndDevelopment":"5744881","operatingExpenses":"6239912","investmentIncomeNet":"None","netInterestIncome":"None","interestIncome":"None","interestExpense":"249315","nonInterestIncome":"None","otherNonOperatingIncome":"None","depreciation":"None","depreciationAndAmortization":"None","incomeBeforeTax":"-6345995","incomeTaxExpense":"3985","interestAndDebtExpense":"None","netIncomeFromContinuingOperations":"-6349980","comprehensiveIncomeNetOfTax":"None","ebit":"-6239912","ebitda":"None","netIncome":"-6350000"},{"fiscalDateEnding":"2018-06-30","reportedCurrency":"USD","grossProfit":"None","totalRevenue":"None","costOfRevenue":"None","costofGoodsAndServicesSold":"None","operatingIncome":"-4368375","sellingGeneralAndAdministrative":"33144","researchAndDevelopment":"4335231","operatingExpenses":"4368375","investmentIncomeNet":"None","netInterestIncome":"None","interestIncome":"None","interestExpense":"249315","nonInterestIncome":"None","otherNonOperatingIncome":"None","depreciation":"None","depreciationAndAmortization":"None","incomeBeforeTax":"-4368384","incomeTaxExpense":"None","interestAndDebtExpense":"None","netIncomeFromContinuingOperations":"-4368384","comprehensiveIncomeNetOfTax":"None","ebit":"-4368375","ebitda":"None","netIncome":"-4368000"}]}