{"success":true,"limit_reached":false,"status_code":200,"error_message":null,"csv":null,"symbol":"INCY","annualReports":[{"fiscalDateEnding":"2023-12-31","reportedCurrency":"USD","grossProfit":"3438108000","totalRevenue":"3693098000","costOfRevenue":"254990000","costofGoodsAndServicesSold":"255000000","operatingIncome":"620525000","sellingGeneralAndAdministrative":"1161293000","researchAndDevelopment":"1627594000","operatingExpenses":"2814887000","investmentIncomeNet":"None","netInterestIncome":"-2551000","interestIncome":"172348000","interestExpense":"2551000","nonInterestIncome":"3695649000","otherNonOperatingIncome":"172348000","depreciation":"60100000","depreciationAndAmortization":"26000000","incomeBeforeTax":"834215000","incomeTaxExpense":"236616000","interestAndDebtExpense":"2551000","netIncomeFromContinuingOperations":"597599000","comprehensiveIncomeNetOfTax":"595636000","ebit":"836766000","ebitda":"862766000","netIncome":"597599000"},{"fiscalDateEnding":"2022-12-31","reportedCurrency":"USD","grossProfit":"3187638000","totalRevenue":"3394635000","costOfRevenue":"206997000","costofGoodsAndServicesSold":"206997000","operatingIncome":"579440000","sellingGeneralAndAdministrative":"1002140000","researchAndDevelopment":"1585936000","operatingExpenses":"2612676000","investmentIncomeNet":"None","netInterestIncome":"-2666000","interestIncome":"39932000","interestExpense":"2666000","nonInterestIncome":"3394635000","otherNonOperatingIncome":"39932000","depreciation":"46300000","depreciationAndAmortization":"24600000","incomeBeforeTax":"529116000","incomeTaxExpense":"188456000","interestAndDebtExpense":"2666000","netIncomeFromContinuingOperations":"340660000","comprehensiveIncomeNetOfTax":"375183000","ebit":"531782000","ebitda":"556382000","netIncome":"340660000"},{"fiscalDateEnding":"2021-12-31","reportedCurrency":"USD","grossProfit":"2835276000","totalRevenue":"2986267000","costOfRevenue":"150991000","costofGoodsAndServicesSold":"150991000","operatingIncome":"585777000","sellingGeneralAndAdministrative":"739560000","researchAndDevelopment":"1458179000","operatingExpenses":"2221939000","investmentIncomeNet":"None","netInterestIncome":"-1908000","interestIncome":"10647000","interestExpense":"1908000","nonInterestIncome":"2986267000","otherNonOperatingIncome":"10647000","depreciation":"36300000","depreciationAndAmortization":"24200000","incomeBeforeTax":"570444000","incomeTaxExpense":"-378137000","interestAndDebtExpense":"1908000","netIncomeFromContinuingOperations":"948581000","comprehensiveIncomeNetOfTax":"944487000","ebit":"572352000","ebitda":"596552000","netIncome":"948581000"},{"fiscalDateEnding":"2020-12-31","reportedCurrency":"USD","grossProfit":"2535374000","totalRevenue":"2666702000","costOfRevenue":"131328000","costofGoodsAndServicesSold":"131328000","operatingIncome":"-263676000","sellingGeneralAndAdministrative":"516922000","researchAndDevelopment":"2215942000","operatingExpenses":"2756964000","investmentIncomeNet":"None","netInterestIncome":"-2174000","interestIncome":"None","interestExpense":"2174000","nonInterestIncome":"2666702000","otherNonOperatingIncome":"23206000","depreciation":"29600000","depreciationAndAmortization":"24100000","incomeBeforeTax":"-232218000","incomeTaxExpense":"63479000","interestAndDebtExpense":"2174000","netIncomeFromContinuingOperations":"-295697000","comprehensiveIncomeNetOfTax":"-295515000","ebit":"-230044000","ebitda":"-205944000","netIncome":"-295697000"},{"fiscalDateEnding":"2019-12-31","reportedCurrency":"USD","grossProfit":"2044510000","totalRevenue":"2158759000","costOfRevenue":"114249000","costofGoodsAndServicesSold":"114249000","operatingIncome":"402006000","sellingGeneralAndAdministrative":"468711000","researchAndDevelopment":"1154111000","operatingExpenses":"1646022000","investmentIncomeNet":"None","netInterestIncome":"-1855000","interestIncome":"84785000","interestExpense":"1855000","nonInterestIncome":"2158759000","otherNonOperatingIncome":"52182000","depreciation":"32100000","depreciationAndAmortization":"23200000","incomeBeforeTax":"486791000","incomeTaxExpense":"39885000","interestAndDebtExpense":"1855000","netIncomeFromContinuingOperations":"446906000","comprehensiveIncomeNetOfTax":"441529000","ebit":"488646000","ebitda":"511846000","netIncome":"446906000"},{"fiscalDateEnding":"2018-12-31","reportedCurrency":"USD","grossProfit":"1787760000","totalRevenue":"1881883000","costOfRevenue":"94123000","costofGoodsAndServicesSold":"94123000","operatingIncome":"129223000","sellingGeneralAndAdministrative":"434407000","researchAndDevelopment":"1197957000","operatingExpenses":"1653864000","investmentIncomeNet":"31760000","netInterestIncome":"-1543000","interestIncome":"45636000","interestExpense":"1543000","nonInterestIncome":"1881883000","otherNonOperatingIncome":"31760000","depreciation":"32300000","depreciationAndAmortization":"21500000","incomeBeforeTax":"115347000","incomeTaxExpense":"5854000","interestAndDebtExpense":"1543000","netIncomeFromContinuingOperations":"109493000","comprehensiveIncomeNetOfTax":"109091000","ebit":"116890000","ebitda":"138390000","netIncome":"109493000"},{"fiscalDateEnding":"2017-12-31","reportedCurrency":"USD","grossProfit":"1456737000","totalRevenue":"1536216000","costOfRevenue":"79479000","costofGoodsAndServicesSold":"79479000","operatingIncome":"-243387000","sellingGeneralAndAdministrative":"366286000","researchAndDevelopment":"1326134000","operatingExpenses":"1726267000","investmentIncomeNet":"17153000","netInterestIncome":"-6900000","interestIncome":"17500000","interestExpense":"6900000","nonInterestIncome":"1536216000","otherNonOperatingIncome":"17153000","depreciation":"24600000","depreciationAndAmortization":"21500000","incomeBeforeTax":"-312290000","incomeTaxExpense":"852000","interestAndDebtExpense":"61781000","netIncomeFromContinuingOperations":"-313142000","comprehensiveIncomeNetOfTax":"-317266000","ebit":"-305390000","ebitda":"-283890000","netIncome":"-313142000"},{"fiscalDateEnding":"2016-12-31","reportedCurrency":"USD","grossProfit":"1047532000","totalRevenue":"1105719000","costOfRevenue":"58187000","costofGoodsAndServicesSold":"58187000","operatingIncome":"144998000","sellingGeneralAndAdministrative":"303251000","researchAndDevelopment":"581861000","operatingExpenses":"885112000","investmentIncomeNet":"4412000","netInterestIncome":"-38745000","interestIncome":"4412000","interestExpense":"38745000","nonInterestIncome":"None","otherNonOperatingIncome":"1151000","depreciation":"14200000","depreciationAndAmortization":"12600000","incomeBeforeTax":"107404000","incomeTaxExpense":"3182000","interestAndDebtExpense":"38745000","netIncomeFromContinuingOperations":"104222000","comprehensiveIncomeNetOfTax":"102145000","ebit":"146149000","ebitda":"158749000","netIncome":"104222000"},{"fiscalDateEnding":"2015-12-31","reportedCurrency":"USD","grossProfit":"530165000","totalRevenue":"753751000","costOfRevenue":"223586000","costofGoodsAndServicesSold":"26972000","operatingIncome":"50651000","sellingGeneralAndAdministrative":"196614000","researchAndDevelopment":"479514000","operatingExpenses":"676128000","investmentIncomeNet":"7089000","netInterestIncome":"-45603000","interestIncome":"43095000","interestExpense":"45603000","nonInterestIncome":"1800000","otherNonOperatingIncome":"2508000","depreciation":"11300000","depreciationAndAmortization":"44883000","incomeBeforeTax":"7556000","incomeTaxExpense":"1025000","interestAndDebtExpense":"45603000","netIncomeFromContinuingOperations":"6531000","comprehensiveIncomeNetOfTax":"3907000","ebit":"50651000","ebitda":"57740000","netIncome":"6531000"},{"fiscalDateEnding":"2014-12-31","reportedCurrency":"USD","grossProfit":"342719000","totalRevenue":"511495000","costOfRevenue":"168776000","costofGoodsAndServicesSold":"3004000","operatingIncome":"-4804000","sellingGeneralAndAdministrative":"165772000","researchAndDevelopment":"347523000","operatingExpenses":"513295000","investmentIncomeNet":"3350000","netInterestIncome":"-46828000","interestIncome":"None","interestExpense":"46828000","nonInterestIncome":"None","otherNonOperatingIncome":"3085000","depreciation":"5100000","depreciationAndAmortization":"41413000","incomeBeforeTax":"-48547000","incomeTaxExpense":"-66000","interestAndDebtExpense":"47093000","netIncomeFromContinuingOperations":"-48481000","comprehensiveIncomeNetOfTax":"-48659000","ebit":"-4804000","ebitda":"-1454000","netIncome":"-48481000"},{"fiscalDateEnding":"2013-12-31","reportedCurrency":"USD","grossProfit":"242634000","totalRevenue":"354947000","costOfRevenue":"112313000","costofGoodsAndServicesSold":"630000","operatingIncome":"-16102000","sellingGeneralAndAdministrative":"109983000","researchAndDevelopment":"260436000","operatingExpenses":"478589000","investmentIncomeNet":"1324000","netInterestIncome":"-38652000","interestIncome":"None","interestExpense":"38652000","nonInterestIncome":"None","otherNonOperatingIncome":"-10160000","depreciation":"3200000","depreciationAndAmortization":"1700000","incomeBeforeTax":"-82848000","incomeTaxExpense":"299000","interestAndDebtExpense":"68070000","netIncomeFromContinuingOperations":"-83147000","comprehensiveIncomeNetOfTax":"-83032000","ebit":"-16102000","ebitda":"-42496000","netIncome":"-83147000"},{"fiscalDateEnding":"2012-12-31","reportedCurrency":"USD","grossProfit":"211539000","totalRevenue":"297059000","costOfRevenue":"85520000","costofGoodsAndServicesSold":"157000","operatingIncome":"1148000","sellingGeneralAndAdministrative":"85363000","researchAndDevelopment":"210391000","operatingExpenses":"380312000","investmentIncomeNet":"764000","netInterestIncome":"-46058000","interestIncome":"None","interestExpense":"46058000","nonInterestIncome":"None","otherNonOperatingIncome":"764000","depreciation":"2900000","depreciationAndAmortization":"2100000","incomeBeforeTax":"-44146000","incomeTaxExpense":"174000","interestAndDebtExpense":"46058000","netIncomeFromContinuingOperations":"-44320000","comprehensiveIncomeNetOfTax":"-44084000","ebit":"1148000","ebitda":"4012000","netIncome":"-44320000"},{"fiscalDateEnding":"2011-12-31","reportedCurrency":"USD","grossProfit":"36236000","totalRevenue":"94455000","costOfRevenue":"58219000","costofGoodsAndServicesSold":"234726000","operatingIncome":"-143183000","sellingGeneralAndAdministrative":"58219000","researchAndDevelopment":"178707000","operatingExpenses":"310457000","investmentIncomeNet":"462000","netInterestIncome":"-43819000","interestIncome":"None","interestExpense":"43819000","nonInterestIncome":"None","otherNonOperatingIncome":"462000","depreciation":"None","depreciationAndAmortization":"2200000","incomeBeforeTax":"-186540000","incomeTaxExpense":"-26990000","interestAndDebtExpense":"43819000","netIncomeFromContinuingOperations":"-142721000","comprehensiveIncomeNetOfTax":"-186884000","ebit":"-143183000","ebitda":"-140983000","netIncome":"-142721000"}],"quarterlyReports":[{"fiscalDateEnding":"2024-09-30","reportedCurrency":"USD","grossProfit":"1051878000","totalRevenue":"1137871000","costOfRevenue":"85993000","costofGoodsAndServicesSold":"86000000","operatingIncome":"146085000","sellingGeneralAndAdministrative":"309209000","researchAndDevelopment":"573174000","operatingExpenses":"882383000","investmentIncomeNet":"None","netInterestIncome":"23421000","interestIncome":"24195000","interestExpense":"774000","nonInterestIncome":"1137871000","otherNonOperatingIncome":"24195000","depreciation":"None","depreciationAndAmortization":"22520000","incomeBeforeTax":"156524000","incomeTaxExpense":"50068000","interestAndDebtExpense":"774000","netIncomeFromContinuingOperations":"106456000","comprehensiveIncomeNetOfTax":"127531000","ebit":"146085000","ebitda":"179818000","netIncome":"106456000"},{"fiscalDateEnding":"2024-06-30","reportedCurrency":"USD","grossProfit":"950777000","totalRevenue":"1043759000","costOfRevenue":"92982000","costofGoodsAndServicesSold":"92982000","operatingIncome":"-477237000","sellingGeneralAndAdministrative":"285800000","researchAndDevelopment":"1138380000","operatingExpenses":"1428014000","investmentIncomeNet":"None","netInterestIncome":"49112000","interestIncome":"49769000","interestExpense":"657000","nonInterestIncome":"None","otherNonOperatingIncome":"None","depreciation":"None","depreciationAndAmortization":"22048000","incomeBeforeTax":"-389777000","incomeTaxExpense":"54824000","interestAndDebtExpense":"None","netIncomeFromContinuingOperations":"-444601000","comprehensiveIncomeNetOfTax":"None","ebit":"-389120000","ebitda":"-367072000","netIncome":"-444601000"},{"fiscalDateEnding":"2024-03-31","reportedCurrency":"USD","grossProfit":"819503000","totalRevenue":"880459000","costOfRevenue":"60956000","costofGoodsAndServicesSold":"61000000","operatingIncome":"91898000","sellingGeneralAndAdministrative":"300256000","researchAndDevelopment":"429260000","operatingExpenses":"729516000","investmentIncomeNet":"None","netInterestIncome":"-430000","interestIncome":"44744000","interestExpense":"430000","nonInterestIncome":"880889000","otherNonOperatingIncome":"44744000","depreciation":"None","depreciationAndAmortization":"21947000","incomeBeforeTax":"236159000","incomeTaxExpense":"66611000","interestAndDebtExpense":"430000","netIncomeFromContinuingOperations":"169548000","comprehensiveIncomeNetOfTax":"150270000","ebit":"236589000","ebitda":"114143000","netIncome":"169548000"},{"fiscalDateEnding":"2023-12-31","reportedCurrency":"USD","grossProfit":"942786000","totalRevenue":"1012537000","costOfRevenue":"69751000","costofGoodsAndServicesSold":"69800000","operatingIncome":"187270000","sellingGeneralAndAdministrative":"293865000","researchAndDevelopment":"444494000","operatingExpenses":"764359000","investmentIncomeNet":"None","netInterestIncome":"-804000","interestIncome":"50436000","interestExpense":"804000","nonInterestIncome":"1013341000","otherNonOperatingIncome":"50436000","depreciation":"None","depreciationAndAmortization":"21762000","incomeBeforeTax":"270956000","incomeTaxExpense":"69877000","interestAndDebtExpense":"804000","netIncomeFromContinuingOperations":"201079000","comprehensiveIncomeNetOfTax":"191291000","ebit":"271760000","ebitda":"293522000","netIncome":"201079000"},{"fiscalDateEnding":"2023-09-30","reportedCurrency":"USD","grossProfit":"858311000","totalRevenue":"918402000","costOfRevenue":"60091000","costofGoodsAndServicesSold":"60091000","operatingIncome":"214705000","sellingGeneralAndAdministrative":"267893000","researchAndDevelopment":"375709000","operatingExpenses":"643602000","investmentIncomeNet":"None","netInterestIncome":"-623000","interestIncome":"46371000","interestExpense":"623000","nonInterestIncome":"919025000","otherNonOperatingIncome":"46371000","depreciation":"None","depreciationAndAmortization":"21390000","incomeBeforeTax":"233799000","incomeTaxExpense":"62530000","interestAndDebtExpense":"623000","netIncomeFromContinuingOperations":"171269000","comprehensiveIncomeNetOfTax":"167357000","ebit":"234422000","ebitda":"260650000","netIncome":"171269000"},{"fiscalDateEnding":"2023-06-30","reportedCurrency":"USD","grossProfit":"885629000","totalRevenue":"953955000","costOfRevenue":"68326000","costofGoodsAndServicesSold":"68300000","operatingIncome":"193780000","sellingGeneralAndAdministrative":"283929000","researchAndDevelopment":"400750000","operatingExpenses":"684679000","investmentIncomeNet":"None","netInterestIncome":"-655000","interestIncome":"42668000","interestExpense":"655000","nonInterestIncome":"954610000","otherNonOperatingIncome":"42668000","depreciation":"None","depreciationAndAmortization":"20297000","incomeBeforeTax":"277604000","incomeTaxExpense":"74056000","interestAndDebtExpense":"655000","netIncomeFromContinuingOperations":"203548000","comprehensiveIncomeNetOfTax":"209412000","ebit":"278259000","ebitda":"265119000","netIncome":"203548000"},{"fiscalDateEnding":"2023-03-31","reportedCurrency":"USD","grossProfit":"751382000","totalRevenue":"808204000","costOfRevenue":"56822000","costofGoodsAndServicesSold":"56822000","operatingIncome":"24770000","sellingGeneralAndAdministrative":"315606000","researchAndDevelopment":"406641000","operatingExpenses":"722247000","investmentIncomeNet":"None","netInterestIncome":"-469000","interestIncome":"32873000","interestExpense":"469000","nonInterestIncome":"808673000","otherNonOperatingIncome":"32873000","depreciation":"None","depreciationAndAmortization":"-26617000","incomeBeforeTax":"51856000","incomeTaxExpense":"30153000","interestAndDebtExpense":"469000","netIncomeFromContinuingOperations":"21703000","comprehensiveIncomeNetOfTax":"27576000","ebit":"52325000","ebitda":"63839000","netIncome":"21703000"},{"fiscalDateEnding":"2022-12-31","reportedCurrency":"USD","grossProfit":"869536000","totalRevenue":"928699000","costOfRevenue":"59163000","costofGoodsAndServicesSold":"59163000","operatingIncome":"70093000","sellingGeneralAndAdministrative":"272819000","researchAndDevelopment":"501360000","operatingExpenses":"798779000","investmentIncomeNet":"None","netInterestIncome":"-667000","interestIncome":"None","interestExpense":"667000","nonInterestIncome":"926700000","otherNonOperatingIncome":"26637000","depreciation":"None","depreciationAndAmortization":"18218000","incomeBeforeTax":"80615000","incomeTaxExpense":"52154000","interestAndDebtExpense":"667000","netIncomeFromContinuingOperations":"28461000","comprehensiveIncomeNetOfTax":"72592000","ebit":"81282000","ebitda":"121077000","netIncome":"28461000"},{"fiscalDateEnding":"2022-09-30","reportedCurrency":"USD","grossProfit":"768078000","totalRevenue":"822662000","costOfRevenue":"54584000","costofGoodsAndServicesSold":"54600000","operatingIncome":"138376000","sellingGeneralAndAdministrative":"266460000","researchAndDevelopment":"384007000","operatingExpenses":"650467000","investmentIncomeNet":"None","netInterestIncome":"-641000","interestIncome":"None","interestExpense":"641000","nonInterestIncome":"823303000","otherNonOperatingIncome":"11513000","depreciation":"None","depreciationAndAmortization":"6312000","incomeBeforeTax":"148588000","incomeTaxExpense":"35813000","interestAndDebtExpense":"641000","netIncomeFromContinuingOperations":"112775000","comprehensiveIncomeNetOfTax":"109409000","ebit":"149229000","ebitda":"144688000","netIncome":"112775000"},{"fiscalDateEnding":"2022-06-30","reportedCurrency":"USD","grossProfit":"860761000","totalRevenue":"911397000","costOfRevenue":"50636000","costofGoodsAndServicesSold":"50636000","operatingIncome":"254431000","sellingGeneralAndAdministrative":"253277000","researchAndDevelopment":"347196000","operatingExpenses":"600473000","investmentIncomeNet":"None","netInterestIncome":"-678000","interestIncome":"None","interestExpense":"678000","nonInterestIncome":"911397000","otherNonOperatingIncome":"522000","depreciation":"None","depreciationAndAmortization":"16507000","incomeBeforeTax":"229378000","incomeTaxExpense":"67946000","interestAndDebtExpense":"678000","netIncomeFromContinuingOperations":"161432000","comprehensiveIncomeNetOfTax":"158783000","ebit":"230056000","ebitda":"258266000","netIncome":"161432000"},{"fiscalDateEnding":"2022-03-31","reportedCurrency":"USD","grossProfit":"690621000","totalRevenue":"733235000","costOfRevenue":"42614000","costofGoodsAndServicesSold":"42614000","operatingIncome":"116540000","sellingGeneralAndAdministrative":"209584000","researchAndDevelopment":"353373000","operatingExpenses":"562957000","investmentIncomeNet":"None","netInterestIncome":"-680000","interestIncome":"None","interestExpense":"680000","nonInterestIncome":"733235000","otherNonOperatingIncome":"1260000","depreciation":"None","depreciationAndAmortization":"16438000","incomeBeforeTax":"70535000","incomeTaxExpense":"32543000","interestAndDebtExpense":"680000","netIncomeFromContinuingOperations":"37992000","comprehensiveIncomeNetOfTax":"34399000","ebit":"71215000","ebitda":"124182000","netIncome":"37992000"},{"fiscalDateEnding":"2021-12-31","reportedCurrency":"USD","grossProfit":"818979000","totalRevenue":"862853000","costOfRevenue":"43874000","costofGoodsAndServicesSold":"43874000","operatingIncome":"110734000","sellingGeneralAndAdministrative":"226202000","researchAndDevelopment":"472827000","operatingExpenses":"721229000","investmentIncomeNet":"None","netInterestIncome":"-752000","interestIncome":"None","interestExpense":"752000","nonInterestIncome":"862853000","otherNonOperatingIncome":"5716000","depreciation":"None","depreciationAndAmortization":"22200000","incomeBeforeTax":"120020000","incomeTaxExpense":"-443831000","interestAndDebtExpense":"752000","netIncomeFromContinuingOperations":"569000000","comprehensiveIncomeNetOfTax":"563043000","ebit":"120772000","ebitda":"142972000","netIncome":"563851000"},{"fiscalDateEnding":"2021-09-30","reportedCurrency":"USD","grossProfit":"773118000","totalRevenue":"812987000","costOfRevenue":"39869000","costofGoodsAndServicesSold":"39900000","operatingIncome":"235410000","sellingGeneralAndAdministrative":"190704000","researchAndDevelopment":"334945000","operatingExpenses":"526349000","investmentIncomeNet":"None","netInterestIncome":"-439000","interestIncome":"None","interestExpense":"439000","nonInterestIncome":"812987000","otherNonOperatingIncome":"1948000","depreciation":"None","depreciationAndAmortization":"700000","incomeBeforeTax":"209469000","incomeTaxExpense":"27730000","interestAndDebtExpense":"439000","netIncomeFromContinuingOperations":"181769000","comprehensiveIncomeNetOfTax":"181366000","ebit":"209908000","ebitda":"210608000","netIncome":"181739000"},{"fiscalDateEnding":"2021-06-30","reportedCurrency":"USD","grossProfit":"667681000","totalRevenue":"705709000","costOfRevenue":"38028000","costofGoodsAndServicesSold":"38000000","operatingIncome":"140836000","sellingGeneralAndAdministrative":"168859000","researchAndDevelopment":"343511000","operatingExpenses":"513070000","investmentIncomeNet":"None","netInterestIncome":"-358000","interestIncome":"None","interestExpense":"358000","nonInterestIncome":"705709000","otherNonOperatingIncome":"4390000","depreciation":"None","depreciationAndAmortization":"700000","incomeBeforeTax":"171633000","incomeTaxExpense":"22177000","interestAndDebtExpense":"358000","netIncomeFromContinuingOperations":"149456000","comprehensiveIncomeNetOfTax":"151541000","ebit":"171991000","ebitda":"172691000","netIncome":"149456000"},{"fiscalDateEnding":"2021-03-31","reportedCurrency":"USD","grossProfit":"575498000","totalRevenue":"604718000","costOfRevenue":"29220000","costofGoodsAndServicesSold":"29220000","operatingIncome":"98797000","sellingGeneralAndAdministrative":"153795000","researchAndDevelopment":"306896000","operatingExpenses":"461291000","investmentIncomeNet":"None","netInterestIncome":"-359000","interestIncome":"None","interestExpense":"359000","nonInterestIncome":"604718000","otherNonOperatingIncome":"-1407000","depreciation":"None","depreciationAndAmortization":"600000","incomeBeforeTax":"69322000","incomeTaxExpense":"15787000","interestAndDebtExpense":"359000","netIncomeFromContinuingOperations":"53535000","comprehensiveIncomeNetOfTax":"48537000","ebit":"69681000","ebitda":"70281000","netIncome":"53535000"},{"fiscalDateEnding":"2020-12-31","reportedCurrency":"USD","grossProfit":"753186000","totalRevenue":"789509000","costOfRevenue":"36323000","costofGoodsAndServicesSold":"36323000","operatingIncome":"164229000","sellingGeneralAndAdministrative":"166988000","researchAndDevelopment":"405945000","operatingExpenses":"595133000","investmentIncomeNet":"None","netInterestIncome":"-428000","interestIncome":"None","interestExpense":"428000","nonInterestIncome":"789509000","otherNonOperatingIncome":"4810000","depreciation":"None","depreciationAndAmortization":"22200000","incomeBeforeTax":"168102000","incomeTaxExpense":"18252000","interestAndDebtExpense":"428000","netIncomeFromContinuingOperations":"789509000","comprehensiveIncomeNetOfTax":"144238000","ebit":"168530000","ebitda":"190730000","netIncome":"149850000"},{"fiscalDateEnding":"2020-09-30","reportedCurrency":"USD","grossProfit":"586321000","totalRevenue":"620643000","costOfRevenue":"34322000","costofGoodsAndServicesSold":"34300000","operatingIncome":"5326000","sellingGeneralAndAdministrative":"120788000","researchAndDevelopment":"438109000","operatingExpenses":"559597000","investmentIncomeNet":"None","netInterestIncome":"-544000","interestIncome":"None","interestExpense":"544000","nonInterestIncome":"620643000","otherNonOperatingIncome":"4917000","depreciation":"None","depreciationAndAmortization":"700000","incomeBeforeTax":"-3503000","incomeTaxExpense":"11700000","interestAndDebtExpense":"544000","netIncomeFromContinuingOperations":"-15208000","comprehensiveIncomeNetOfTax":"-12528000","ebit":"-2959000","ebitda":"-2259000","netIncome":"-15203000"},{"fiscalDateEnding":"2020-06-30","reportedCurrency":"USD","grossProfit":"654679000","totalRevenue":"688043000","costOfRevenue":"33364000","costofGoodsAndServicesSold":"33400000","operatingIncome":"230773000","sellingGeneralAndAdministrative":"117998000","researchAndDevelopment":"286601000","operatingExpenses":"405299000","investmentIncomeNet":"None","netInterestIncome":"-600000","interestIncome":"None","interestExpense":"600000","nonInterestIncome":"688043000","otherNonOperatingIncome":"4817000","depreciation":"None","depreciationAndAmortization":"700000","incomeBeforeTax":"307264000","incomeTaxExpense":"16966000","interestAndDebtExpense":"600000","netIncomeFromContinuingOperations":"290264000","comprehensiveIncomeNetOfTax":"290982000","ebit":"307864000","ebitda":"308564000","netIncome":"290298000"},{"fiscalDateEnding":"2020-03-31","reportedCurrency":"USD","grossProfit":"541188000","totalRevenue":"568507000","costOfRevenue":"27319000","costofGoodsAndServicesSold":"27319000","operatingIncome":"-664004000","sellingGeneralAndAdministrative":"111148000","researchAndDevelopment":"1085287000","operatingExpenses":"1197035000","investmentIncomeNet":"None","netInterestIncome":"-602000","interestIncome":"40072000","interestExpense":"602000","nonInterestIncome":"568507000","otherNonOperatingIncome":"8662000","depreciation":"None","depreciationAndAmortization":"600000","incomeBeforeTax":"-704076000","incomeTaxExpense":"16566000","interestAndDebtExpense":"602000","netIncomeFromContinuingOperations":"-720642000","comprehensiveIncomeNetOfTax":"-718207000","ebit":"-703474000","ebitda":"-702874000","netIncome":"-720642000"},{"fiscalDateEnding":"2019-12-31","reportedCurrency":"USD","grossProfit":"547174000","totalRevenue":"579389000","costOfRevenue":"32215000","costofGoodsAndServicesSold":"32215000","operatingIncome":"95008000","sellingGeneralAndAdministrative":"136177000","researchAndDevelopment":"312867000","operatingExpenses":"471144000","investmentIncomeNet":"None","netInterestIncome":"-607000","interestIncome":"30996000","interestExpense":"607000","nonInterestIncome":"579389000","otherNonOperatingIncome":"15848000","depreciation":"None","depreciationAndAmortization":"22100000","incomeBeforeTax":"126004000","incomeTaxExpense":"14999000","interestAndDebtExpense":"607000","netIncomeFromContinuingOperations":"579389000","comprehensiveIncomeNetOfTax":"104077000","ebit":"126611000","ebitda":"148711000","netIncome":"111005000"},{"fiscalDateEnding":"2019-09-30","reportedCurrency":"USD","grossProfit":"521541000","totalRevenue":"551581000","costOfRevenue":"30040000","costofGoodsAndServicesSold":"30040000","operatingIncome":"134316000","sellingGeneralAndAdministrative":"102608000","researchAndDevelopment":"281336000","operatingExpenses":"384644000","investmentIncomeNet":"None","netInterestIncome":"-597000","interestIncome":"13703000","interestExpense":"597000","nonInterestIncome":"551581000","otherNonOperatingIncome":"11961000","depreciation":"None","depreciationAndAmortization":"700000","incomeBeforeTax":"147971000","incomeTaxExpense":"19700000","interestAndDebtExpense":"597000","netIncomeFromContinuingOperations":"128271000","comprehensiveIncomeNetOfTax":"128622000","ebit":"148568000","ebitda":"149268000","netIncome":"128271000"},{"fiscalDateEnding":"2019-06-30","reportedCurrency":"USD","grossProfit":"500526000","totalRevenue":"529932000","costOfRevenue":"29406000","costofGoodsAndServicesSold":"29406000","operatingIncome":"98612000","sellingGeneralAndAdministrative":"105943000","researchAndDevelopment":"289363000","operatingExpenses":"395506000","investmentIncomeNet":"None","netInterestIncome":"-316000","interestIncome":"10059000","interestExpense":"316000","nonInterestIncome":"529932000","otherNonOperatingIncome":"15000000","depreciation":"None","depreciationAndAmortization":"200000","incomeBeforeTax":"108718000","incomeTaxExpense":"3400000","interestAndDebtExpense":"316000","netIncomeFromContinuingOperations":"105318000","comprehensiveIncomeNetOfTax":"105600000","ebit":"109034000","ebitda":"109234000","netIncome":"105318000"},{"fiscalDateEnding":"2019-03-31","reportedCurrency":"USD","grossProfit":"475269000","totalRevenue":"497857000","costOfRevenue":"22588000","costofGoodsAndServicesSold":"22588000","operatingIncome":"74070000","sellingGeneralAndAdministrative":"123983000","researchAndDevelopment":"270545000","operatingExpenses":"394528000","investmentIncomeNet":"None","netInterestIncome":"-335000","interestIncome":"30027000","interestExpense":"335000","nonInterestIncome":"497857000","otherNonOperatingIncome":"9373000","depreciation":"None","depreciationAndAmortization":"200000","incomeBeforeTax":"104097000","incomeTaxExpense":"1785000","interestAndDebtExpense":"335000","netIncomeFromContinuingOperations":"102312000","comprehensiveIncomeNetOfTax":"103230000","ebit":"104432000","ebitda":"104632000","netIncome":"102312000"},{"fiscalDateEnding":"2018-12-31","reportedCurrency":"USD","grossProfit":"502036000","totalRevenue":"528402000","costOfRevenue":"26366000","costofGoodsAndServicesSold":"26366000","operatingIncome":"81975000","sellingGeneralAndAdministrative":"108358000","researchAndDevelopment":"304238000","operatingExpenses":"434096000","investmentIncomeNet":"None","netInterestIncome":"-355000","interestIncome":"None","interestExpense":"355000","nonInterestIncome":"528402000","otherNonOperatingIncome":"11279000","depreciation":"None","depreciationAndAmortization":"14226000","incomeBeforeTax":"70717000","incomeTaxExpense":"1654000","interestAndDebtExpense":"355000","netIncomeFromContinuingOperations":"528402000","comprehensiveIncomeNetOfTax":"68420000","ebit":"71072000","ebitda":"100719000","netIncome":"69063000"},{"fiscalDateEnding":"2018-09-30","reportedCurrency":"USD","grossProfit":"424888000","totalRevenue":"449683000","costOfRevenue":"24795000","costofGoodsAndServicesSold":"24795000","operatingIncome":"31119000","sellingGeneralAndAdministrative":"96522000","researchAndDevelopment":"292527000","operatingExpenses":"389049000","investmentIncomeNet":"None","netInterestIncome":"-405000","interestIncome":"None","interestExpense":"405000","nonInterestIncome":"449700000","otherNonOperatingIncome":"10211000","depreciation":"None","depreciationAndAmortization":"13818000","incomeBeforeTax":"30976000","incomeTaxExpense":"1800000","interestAndDebtExpense":"405000","netIncomeFromContinuingOperations":"29176000","comprehensiveIncomeNetOfTax":"29463000","ebit":"31381000","ebitda":"59868000","netIncome":"29176000"},{"fiscalDateEnding":"2018-06-30","reportedCurrency":"USD","grossProfit":"496660000","totalRevenue":"521516000","costOfRevenue":"24856000","costofGoodsAndServicesSold":"24856000","operatingIncome":"83239000","sellingGeneralAndAdministrative":"108029000","researchAndDevelopment":"298089000","operatingExpenses":"406118000","investmentIncomeNet":"None","netInterestIncome":"-398000","interestIncome":"None","interestExpense":"398000","nonInterestIncome":"521500000","otherNonOperatingIncome":"5808000","depreciation":"None","depreciationAndAmortization":"13501000","incomeBeforeTax":"53994000","incomeTaxExpense":"1600000","interestAndDebtExpense":"398000","netIncomeFromContinuingOperations":"52394000","comprehensiveIncomeNetOfTax":"52707000","ebit":"54392000","ebitda":"109851000","netIncome":"52394000"},{"fiscalDateEnding":"2018-03-31","reportedCurrency":"USD","grossProfit":"364176000","totalRevenue":"382282000","costOfRevenue":"18106000","costofGoodsAndServicesSold":"18106000","operatingIncome":"-67110000","sellingGeneralAndAdministrative":"121498000","researchAndDevelopment":"303103000","operatingExpenses":"424601000","investmentIncomeNet":"None","netInterestIncome":"-385000","interestIncome":"None","interestExpense":"385000","nonInterestIncome":"382300000","otherNonOperatingIncome":"4462000","depreciation":"None","depreciationAndAmortization":"13424000","incomeBeforeTax":"-40354000","incomeTaxExpense":"786000","interestAndDebtExpense":"385000","netIncomeFromContinuingOperations":"-41140000","comprehensiveIncomeNetOfTax":"-41499000","ebit":"-39969000","ebitda":"-42539000","netIncome":"-41140000"},{"fiscalDateEnding":"2017-12-31","reportedCurrency":"USD","grossProfit":"421797000","totalRevenue":"444156000","costOfRevenue":"22359000","costofGoodsAndServicesSold":"22359000","operatingIncome":"-132418000","sellingGeneralAndAdministrative":"97726000","researchAndDevelopment":"446871000","operatingExpenses":"566267000","investmentIncomeNet":"6269000","netInterestIncome":"-373000","interestIncome":"None","interestExpense":"373000","nonInterestIncome":"444156000","otherNonOperatingIncome":"6446000","depreciation":"None","depreciationAndAmortization":"12859000","incomeBeforeTax":"-148277000","incomeTaxExpense":"1352000","interestAndDebtExpense":"373000","netIncomeFromContinuingOperations":"444156000","comprehensiveIncomeNetOfTax":"-169151000","ebit":"-147904000","ebitda":"-116354000","netIncome":"-149629000"},{"fiscalDateEnding":"2017-09-30","reportedCurrency":"USD","grossProfit":"359498000","totalRevenue":"381534000","costOfRevenue":"22036000","costofGoodsAndServicesSold":"22036000","operatingIncome":"15019000","sellingGeneralAndAdministrative":"91265000","researchAndDevelopment":"269557000","operatingExpenses":"360883000","investmentIncomeNet":"5555000","netInterestIncome":"-204000","interestIncome":"None","interestExpense":"204000","nonInterestIncome":"381534000","otherNonOperatingIncome":"5494000","depreciation":"None","depreciationAndAmortization":"11940000","incomeBeforeTax":"43354000","incomeTaxExpense":"7300000","interestAndDebtExpense":"204000","netIncomeFromContinuingOperations":"36054000","comprehensiveIncomeNetOfTax":"37598000","ebit":"43558000","ebitda":"16110000","netIncome":"36054000"},{"fiscalDateEnding":"2017-06-30","reportedCurrency":"USD","grossProfit":"306184000","totalRevenue":"326444000","costOfRevenue":"20260000","costofGoodsAndServicesSold":"20260000","operatingIncome":"7259000","sellingGeneralAndAdministrative":"90066000","researchAndDevelopment":"201786000","operatingExpenses":"291911000","investmentIncomeNet":"4125000","netInterestIncome":"-384000","interestIncome":"None","interestExpense":"384000","nonInterestIncome":"326444000","otherNonOperatingIncome":"4066000","depreciation":"None","depreciationAndAmortization":"12352000","incomeBeforeTax":"-9384000","incomeTaxExpense":"3100000","interestAndDebtExpense":"1135000","netIncomeFromContinuingOperations":"-12484000","comprehensiveIncomeNetOfTax":"-6893000","ebit":"-9000000","ebitda":"30750000","netIncome":"-12484000"},{"fiscalDateEnding":"2017-03-31","reportedCurrency":"USD","grossProfit":"369258000","totalRevenue":"384082000","costOfRevenue":"14824000","costofGoodsAndServicesSold":"14824000","operatingIncome":"-133247000","sellingGeneralAndAdministrative":"87229000","researchAndDevelopment":"407920000","operatingExpenses":"495206000","investmentIncomeNet":"1204000","netInterestIncome":"-5939000","interestIncome":"None","interestExpense":"5939000","nonInterestIncome":"384082000","otherNonOperatingIncome":"1147000","depreciation":"None","depreciationAndAmortization":"15027000","incomeBeforeTax":"-197983000","incomeTaxExpense":"-10900000","interestAndDebtExpense":"60069000","netIncomeFromContinuingOperations":"-187083000","comprehensiveIncomeNetOfTax":"-178820000","ebit":"-192044000","ebitda":"-109717000","netIncome":"-187083000"},{"fiscalDateEnding":"2016-12-31","reportedCurrency":"USD","grossProfit":"326498000","totalRevenue":"326498000","costOfRevenue":"-187556000","costofGoodsAndServicesSold":"19610000","operatingIncome":"42079000","sellingGeneralAndAdministrative":"96085000","researchAndDevelopment":"161585000","operatingExpenses":"257670000","investmentIncomeNet":"594000","netInterestIncome":"-9470000","interestIncome":"None","interestExpense":"9470000","nonInterestIncome":"None","otherNonOperatingIncome":"-23163000","depreciation":"None","depreciationAndAmortization":"17566000","incomeBeforeTax":"9445000","incomeTaxExpense":"572000","interestAndDebtExpense":"9470000","netIncomeFromContinuingOperations":"326498000","comprehensiveIncomeNetOfTax":"5597000","ebit":"42079000","ebitda":"49812000","netIncome":"8873000"},{"fiscalDateEnding":"2016-09-30","reportedCurrency":"USD","grossProfit":"173488000","totalRevenue":"269469000","costOfRevenue":"95981000","costofGoodsAndServicesSold":"20205000","operatingIncome":"22292000","sellingGeneralAndAdministrative":"75776000","researchAndDevelopment":"143184000","operatingExpenses":"218960000","investmentIncomeNet":"1188000","netInterestIncome":"-9479000","interestIncome":"None","interestExpense":"9479000","nonInterestIncome":"None","otherNonOperatingIncome":"25489000","depreciation":"None","depreciationAndAmortization":"16951000","incomeBeforeTax":"38302000","incomeTaxExpense":"1425000","interestAndDebtExpense":"9479000","netIncomeFromContinuingOperations":"36877000","comprehensiveIncomeNetOfTax":"36605000","ebit":"22292000","ebitda":"48443000","netIncome":"36877000"},{"fiscalDateEnding":"2016-06-30","reportedCurrency":"USD","grossProfit":"167129000","totalRevenue":"246288000","costOfRevenue":"79159000","costofGoodsAndServicesSold":"12367000","operatingIncome":"44589000","sellingGeneralAndAdministrative":"66792000","researchAndDevelopment":"120269000","operatingExpenses":"187061000","investmentIncomeNet":"1137000","netInterestIncome":"-9662000","interestIncome":"None","interestExpense":"9662000","nonInterestIncome":"None","otherNonOperatingIncome":"283000","depreciation":"None","depreciationAndAmortization":"12850000","incomeBeforeTax":"35210000","incomeTaxExpense":"785000","interestAndDebtExpense":"9662000","netIncomeFromContinuingOperations":"34425000","comprehensiveIncomeNetOfTax":"34690000","ebit":"44589000","ebitda":"60847000","netIncome":"34425000"},{"fiscalDateEnding":"2016-03-31","reportedCurrency":"USD","grossProfit":"192863000","totalRevenue":"263464000","costOfRevenue":"70601000","costofGoodsAndServicesSold":"6005000","operatingIncome":"36039000","sellingGeneralAndAdministrative":"64596000","researchAndDevelopment":"156824000","operatingExpenses":"221420000","investmentIncomeNet":"1492000","netInterestIncome":"-10134000","interestIncome":"None","interestExpense":"10134000","nonInterestIncome":"None","otherNonOperatingIncome":"-1458000","depreciation":"None","depreciationAndAmortization":"11058000","incomeBeforeTax":"24447000","incomeTaxExpense":"400000","interestAndDebtExpense":"10134000","netIncomeFromContinuingOperations":"24047000","comprehensiveIncomeNetOfTax":"25253000","ebit":"36039000","ebitda":"48589000","netIncome":"24047000"},{"fiscalDateEnding":"2015-12-31","reportedCurrency":"USD","grossProfit":"243881000","totalRevenue":"243881000","costOfRevenue":"62171000","costofGoodsAndServicesSold":"9704000","operatingIncome":"65078000","sellingGeneralAndAdministrative":"52467000","researchAndDevelopment":"116632000","operatingExpenses":"169099000","investmentIncomeNet":"1289000","netInterestIncome":"-10213000","interestIncome":"None","interestExpense":"10213000","nonInterestIncome":"None","otherNonOperatingIncome":"823000","depreciation":"None","depreciationAndAmortization":"10604000","incomeBeforeTax":"244393000","incomeTaxExpense":"512000","interestAndDebtExpense":"10213000","netIncomeFromContinuingOperations":"243881000","comprehensiveIncomeNetOfTax":"54642000","ebit":"65078000","ebitda":"66369000","netIncome":"243881000"},{"fiscalDateEnding":"2015-09-30","reportedCurrency":"USD","grossProfit":"131972000","totalRevenue":"187611000","costOfRevenue":"55639000","costofGoodsAndServicesSold":"8040000","operatingIncome":"-101000","sellingGeneralAndAdministrative":"47599000","researchAndDevelopment":"132073000","operatingExpenses":"179672000","investmentIncomeNet":"3026000","netInterestIncome":"-11209000","interestIncome":"None","interestExpense":"11209000","nonInterestIncome":"1800000","otherNonOperatingIncome":"-28263000","depreciation":"None","depreciationAndAmortization":"11178000","incomeBeforeTax":"-39573000","incomeTaxExpense":"9000","interestAndDebtExpense":"11209000","netIncomeFromContinuingOperations":"-39582000","comprehensiveIncomeNetOfTax":"-41806000","ebit":"-101000","ebitda":"14103000","netIncome":"-39582000"},{"fiscalDateEnding":"2015-06-30","reportedCurrency":"USD","grossProfit":"105051000","totalRevenue":"162984000","costOfRevenue":"57933000","costofGoodsAndServicesSold":"6254000","operatingIncome":"-7394000","sellingGeneralAndAdministrative":"51679000","researchAndDevelopment":"112445000","operatingExpenses":"164124000","investmentIncomeNet":"1144000","netInterestIncome":"-11494000","interestIncome":"None","interestExpense":"11494000","nonInterestIncome":"None","otherNonOperatingIncome":"28318000","depreciation":"None","depreciationAndAmortization":"11266000","incomeBeforeTax":"9430000","incomeTaxExpense":"136000","interestAndDebtExpense":"11494000","netIncomeFromContinuingOperations":"9294000","comprehensiveIncomeNetOfTax":"8985000","ebit":"-7394000","ebitda":"5016000","netIncome":"9294000"},{"fiscalDateEnding":"2015-03-31","reportedCurrency":"USD","grossProfit":"111430000","totalRevenue":"159275000","costOfRevenue":"47845000","costofGoodsAndServicesSold":"2974000","operatingIncome":"-6935000","sellingGeneralAndAdministrative":"44871000","researchAndDevelopment":"118365000","operatingExpenses":"163236000","investmentIncomeNet":"1630000","netInterestIncome":"-12687000","interestIncome":"None","interestExpense":"12687000","nonInterestIncome":"None","otherNonOperatingIncome":"1630000","depreciation":"None","depreciationAndAmortization":"11835000","incomeBeforeTax":"-17992000","incomeTaxExpense":"367000","interestAndDebtExpense":"12687000","netIncomeFromContinuingOperations":"-18359000","comprehensiveIncomeNetOfTax":"-17916000","ebit":"-6935000","ebitda":"6530000","netIncome":"-18359000"},{"fiscalDateEnding":"2014-12-31","reportedCurrency":"USD","grossProfit":"123973000","totalRevenue":"123973000","costOfRevenue":"50880000","costofGoodsAndServicesSold":"2428000","operatingIncome":"-25624000","sellingGeneralAndAdministrative":"48452000","researchAndDevelopment":"98717000","operatingExpenses":"112592000","investmentIncomeNet":"940000","netInterestIncome":"-12516000","interestIncome":"None","interestExpense":"12516000","nonInterestIncome":"None","otherNonOperatingIncome":"940000","depreciation":"None","depreciationAndAmortization":"12221000","incomeBeforeTax":"123716000","incomeTaxExpense":"-257000","interestAndDebtExpense":"12516000","netIncomeFromContinuingOperations":"123973000","comprehensiveIncomeNetOfTax":"-37042000","ebit":"-25624000","ebitda":"-24684000","netIncome":"123973000"},{"fiscalDateEnding":"2014-09-30","reportedCurrency":"USD","grossProfit":"158480000","totalRevenue":"198147000","costOfRevenue":"39667000","costofGoodsAndServicesSold":"221000","operatingIncome":"69943000","sellingGeneralAndAdministrative":"39446000","researchAndDevelopment":"88537000","operatingExpenses":"139446000","investmentIncomeNet":"885000","netInterestIncome":"-11463000","interestIncome":"None","interestExpense":"11463000","nonInterestIncome":"None","otherNonOperatingIncome":"885000","depreciation":"None","depreciationAndAmortization":"9871000","incomeBeforeTax":"59365000","incomeTaxExpense":"72000","interestAndDebtExpense":"11463000","netIncomeFromContinuingOperations":"59293000","comprehensiveIncomeNetOfTax":"59127000","ebit":"69943000","ebitda":"80699000","netIncome":"59293000"},{"fiscalDateEnding":"2014-06-30","reportedCurrency":"USD","grossProfit":"58496000","totalRevenue":"99582000","costOfRevenue":"41086000","costofGoodsAndServicesSold":"187000","operatingIncome":"-26187000","sellingGeneralAndAdministrative":"40899000","researchAndDevelopment":"84683000","operatingExpenses":"136988000","investmentIncomeNet":"790000","netInterestIncome":"-11406000","interestIncome":"None","interestExpense":"11406000","nonInterestIncome":"None","otherNonOperatingIncome":"790000","depreciation":"None","depreciationAndAmortization":"9698000","incomeBeforeTax":"-36803000","incomeTaxExpense":"70000","interestAndDebtExpense":"11406000","netIncomeFromContinuingOperations":"-36873000","comprehensiveIncomeNetOfTax":"-36833000","ebit":"-26187000","ebitda":"-15699000","netIncome":"-36873000"},{"fiscalDateEnding":"2014-03-31","reportedCurrency":"USD","grossProfit":"52650000","totalRevenue":"89792000","costOfRevenue":"37142000","costofGoodsAndServicesSold":"168000","operatingIncome":"-22935000","sellingGeneralAndAdministrative":"36974000","researchAndDevelopment":"75585000","operatingExpenses":"124267000","investmentIncomeNet":"735000","netInterestIncome":"-11443000","interestIncome":"None","interestExpense":"11443000","nonInterestIncome":"None","otherNonOperatingIncome":"470000","depreciation":"None","depreciationAndAmortization":"9623000","incomeBeforeTax":"-33908000","incomeTaxExpense":"49000","interestAndDebtExpense":"11708000","netIncomeFromContinuingOperations":"-33957000","comprehensiveIncomeNetOfTax":"-33910000","ebit":"-22935000","ebitda":"-22200000","netIncome":"-33957000"},{"fiscalDateEnding":"2013-12-31","reportedCurrency":"USD","grossProfit":"97072000","totalRevenue":"97072000","costOfRevenue":"39894000","costofGoodsAndServicesSold":"167000","operatingIncome":"-16141000","sellingGeneralAndAdministrative":"38027000","researchAndDevelopment":"75019000","operatingExpenses":"151634000","investmentIncomeNet":"495000","netInterestIncome":"-8932000","interestIncome":"None","interestExpense":"8932000","nonInterestIncome":"None","otherNonOperatingIncome":"273000","depreciation":"None","depreciationAndAmortization":"8852000","incomeBeforeTax":"97209000","incomeTaxExpense":"137000","interestAndDebtExpense":"27088000","netIncomeFromContinuingOperations":"97072000","comprehensiveIncomeNetOfTax":"-42886000","ebit":"-16141000","ebitda":"-15646000","netIncome":"97072000"},{"fiscalDateEnding":"2013-09-30","reportedCurrency":"USD","grossProfit":"58521000","totalRevenue":"85123000","costOfRevenue":"26602000","costofGoodsAndServicesSold":"155000","operatingIncome":"-13183000","sellingGeneralAndAdministrative":"26447000","researchAndDevelopment":"71704000","operatingExpenses":"116841000","investmentIncomeNet":"385000","netInterestIncome":"-7699000","interestIncome":"None","interestExpense":"7699000","nonInterestIncome":"None","otherNonOperatingIncome":"-1106000","depreciation":"None","depreciationAndAmortization":"4568000","incomeBeforeTax":"-21988000","incomeTaxExpense":"49000","interestAndDebtExpense":"9190000","netIncomeFromContinuingOperations":"-22037000","comprehensiveIncomeNetOfTax":"-22022000","ebit":"-13183000","ebitda":"-8230000","netIncome":"-22037000"},{"fiscalDateEnding":"2013-06-30","reportedCurrency":"USD","grossProfit":"78269000","totalRevenue":"101675000","costOfRevenue":"23406000","costofGoodsAndServicesSold":"157000","operatingIncome":"17319000","sellingGeneralAndAdministrative":"23249000","researchAndDevelopment":"60950000","operatingExpenses":"114163000","investmentIncomeNet":"245000","netInterestIncome":"-10293000","interestIncome":"None","interestExpense":"10293000","nonInterestIncome":"None","otherNonOperatingIncome":"-9526000","depreciation":"None","depreciationAndAmortization":"8053000","incomeBeforeTax":"-2500000","incomeTaxExpense":"71000","interestAndDebtExpense":"20064000","netIncomeFromContinuingOperations":"-2571000","comprehensiveIncomeNetOfTax":"-2577000","ebit":"17319000","ebitda":"25617000","netIncome":"-2571000"},{"fiscalDateEnding":"2013-03-31","reportedCurrency":"USD","grossProfit":"48666000","totalRevenue":"71077000","costOfRevenue":"22411000","costofGoodsAndServicesSold":"150000","operatingIncome":"-4097000","sellingGeneralAndAdministrative":"22261000","researchAndDevelopment":"52763000","operatingExpenses":"95952000","investmentIncomeNet":"199000","netInterestIncome":"-11728000","interestIncome":"None","interestExpense":"11728000","nonInterestIncome":"None","otherNonOperatingIncome":"199000","depreciation":"None","depreciationAndAmortization":"7734000","incomeBeforeTax":"-15626000","incomeTaxExpense":"43000","interestAndDebtExpense":"11728000","netIncomeFromContinuingOperations":"-15669000","comprehensiveIncomeNetOfTax":"-15548000","ebit":"-4097000","ebitda":"3836000","netIncome":"-15669000"},{"fiscalDateEnding":"2012-12-31","reportedCurrency":"USD","grossProfit":"113845000","totalRevenue":"113845000","costOfRevenue":"23828000","costofGoodsAndServicesSold":"99000","operatingIncome":"30254000","sellingGeneralAndAdministrative":"23729000","researchAndDevelopment":"59764000","operatingExpenses":"104358000","investmentIncomeNet":"371000","netInterestIncome":"-11765000","interestIncome":"None","interestExpense":"11765000","nonInterestIncome":"None","otherNonOperatingIncome":"370000","depreciation":"None","depreciationAndAmortization":"7765000","incomeBeforeTax":"113926000","incomeTaxExpense":"81000","interestAndDebtExpense":"11765000","netIncomeFromContinuingOperations":"113845000","comprehensiveIncomeNetOfTax":"18508000","ebit":"30254000","ebitda":"30625000","netIncome":"113845000"},{"fiscalDateEnding":"2012-09-30","reportedCurrency":"USD","grossProfit":"39941000","totalRevenue":"60492000","costOfRevenue":"20551000","costofGoodsAndServicesSold":"31000","operatingIncome":"-10138000","sellingGeneralAndAdministrative":"20520000","researchAndDevelopment":"50079000","operatingExpenses":"91672000","investmentIncomeNet":"27000","netInterestIncome":"-11573000","interestIncome":"None","interestExpense":"11573000","nonInterestIncome":"None","otherNonOperatingIncome":"27000","depreciation":"None","depreciationAndAmortization":"7576000","incomeBeforeTax":"-21684000","incomeTaxExpense":"26000","interestAndDebtExpense":"11573000","netIncomeFromContinuingOperations":"-21710000","comprehensiveIncomeNetOfTax":"-21281000","ebit":"-10138000","ebitda":"-2535000","netIncome":"-21710000"},{"fiscalDateEnding":"2012-06-30","reportedCurrency":"USD","grossProfit":"66807000","totalRevenue":"86542000","costOfRevenue":"19735000","costofGoodsAndServicesSold":"16000","operatingIncome":"15219000","sellingGeneralAndAdministrative":"19719000","researchAndDevelopment":"51588000","operatingExpenses":"92637000","investmentIncomeNet":"315000","netInterestIncome":"-11430000","interestIncome":"None","interestExpense":"11430000","nonInterestIncome":"None","otherNonOperatingIncome":"315000","depreciation":"None","depreciationAndAmortization":"7404000","incomeBeforeTax":"4104000","incomeTaxExpense":"67000","interestAndDebtExpense":"11430000","netIncomeFromContinuingOperations":"4037000","comprehensiveIncomeNetOfTax":"3822000","ebit":"15219000","ebitda":"15534000","netIncome":"4037000"},{"fiscalDateEnding":"2012-03-31","reportedCurrency":"USD","grossProfit":"14772000","totalRevenue":"36179000","costOfRevenue":"21407000","costofGoodsAndServicesSold":"11000","operatingIncome":"-34188000","sellingGeneralAndAdministrative":"21396000","researchAndDevelopment":"48960000","operatingExpenses":"91546000","investmentIncomeNet":"52000","netInterestIncome":"-11290000","interestIncome":"None","interestExpense":"11290000","nonInterestIncome":"None","otherNonOperatingIncome":"52000","depreciation":"None","depreciationAndAmortization":"7234000","incomeBeforeTax":"-34136000","incomeTaxExpense":"0","interestAndDebtExpense":"11290000","netIncomeFromContinuingOperations":"-34136000","comprehensiveIncomeNetOfTax":"-45133000","ebit":"-34188000","ebitda":"-26902000","netIncome":"-34136000"},{"fiscalDateEnding":"2011-12-31","reportedCurrency":"USD","grossProfit":"28889000","totalRevenue":"28889000","costOfRevenue":"21152000","costofGoodsAndServicesSold":"65987000","operatingIncome":"-44139000","sellingGeneralAndAdministrative":"21152000","researchAndDevelopment":"51877000","operatingExpenses":"91682000","investmentIncomeNet":"213000","netInterestIncome":"-11153000","interestIncome":"None","interestExpense":"11153000","nonInterestIncome":"None","otherNonOperatingIncome":"213000","depreciation":"None","depreciationAndAmortization":"7042000","incomeBeforeTax":"-55080000","incomeTaxExpense":"10691000","interestAndDebtExpense":"11153000","netIncomeFromContinuingOperations":"28889000","comprehensiveIncomeNetOfTax":"-55258000","ebit":"-44139000","ebitda":"-37346000","netIncome":"28889000"},{"fiscalDateEnding":"2011-09-30","reportedCurrency":"USD","grossProfit":"2500000","totalRevenue":"16782000","costOfRevenue":"14282000","costofGoodsAndServicesSold":"52014000","operatingIncome":"-42104000","sellingGeneralAndAdministrative":"14282000","researchAndDevelopment":"44604000","operatingExpenses":"77305000","investmentIncomeNet":"45000","netInterestIncome":"-11019000","interestIncome":"None","interestExpense":"11019000","nonInterestIncome":"None","otherNonOperatingIncome":"45000","depreciation":"None","depreciationAndAmortization":"6871000","incomeBeforeTax":"-53078000","incomeTaxExpense":"45000","interestAndDebtExpense":"11019000","netIncomeFromContinuingOperations":"-53078000","comprehensiveIncomeNetOfTax":"-53208000","ebit":"-42104000","ebitda":"-35188000","netIncome":"-53078000"},{"fiscalDateEnding":"2011-06-30","reportedCurrency":"USD","grossProfit":"4953000","totalRevenue":"16811000","costOfRevenue":"11858000","costofGoodsAndServicesSold":"51258000","operatingIncome":"-41114000","sellingGeneralAndAdministrative":"11858000","researchAndDevelopment":"46047000","operatingExpenses":"76013000","investmentIncomeNet":"132000","netInterestIncome":"-10888000","interestIncome":"None","interestExpense":"10888000","nonInterestIncome":"None","otherNonOperatingIncome":"132000","depreciation":"None","depreciationAndAmortization":"6647000","incomeBeforeTax":"-51870000","incomeTaxExpense":"132000","interestAndDebtExpense":"10888000","netIncomeFromContinuingOperations":"-51870000","comprehensiveIncomeNetOfTax":"-52008000","ebit":"-41114000","ebitda":"-34335000","netIncome":"-51870000"},{"fiscalDateEnding":"2011-03-31","reportedCurrency":"USD","grossProfit":"21148000","totalRevenue":"31973000","costOfRevenue":"10825000","costofGoodsAndServicesSold":"40677000","operatingIncome":"-15825000","sellingGeneralAndAdministrative":"10825000","researchAndDevelopment":"36282000","operatingExpenses":"58557000","investmentIncomeNet":"72000","netInterestIncome":"-10759000","interestIncome":"None","interestExpense":"10759000","nonInterestIncome":"None","otherNonOperatingIncome":"72000","depreciation":"None","depreciationAndAmortization":"6430000","incomeBeforeTax":"-26512000","incomeTaxExpense":"72000","interestAndDebtExpense":"10759000","netIncomeFromContinuingOperations":"-26512000","comprehensiveIncomeNetOfTax":"-26409000","ebit":"-15825000","ebitda":"-9323000","netIncome":"-26512000"}]}